2188 3268
1010 245 1297 283 ..43—

377 382 680 426 deterioribus
725 381 959 438 conspirat
1002 380 1114 424 locis
1153 380 1495 438 quinquaginta
1541 380 1756 438 quinque,
1804 383 1930 424 unde

378 453 649 496 detrahendi
703 460 814 495 sunt
866 451 932 494 illi
980 451 1217 509 perpauci,
1269 452 1437 508 quibus
1484 452 1653 495 Suidas
1704 452 1752 494 in
1800 452 1930 495 falsis

376 523 612 580 scripturis
646 522 880 579 conspirat
918 537 1023 565 cum
1054 522 1323 565 melioribus
1361 531 1441 566 aut
1474 538 1578 566 cum
1612 522 1928 566 deterioribus.

375 593 543 637 Suidas
581 593 727 650 igitur
765 592 900 636 nobis
938 601 1009 636 est
1047 592 1178 635 testis
1216 601 1430 636 neutram
1469 593 1685 636 universe
1718 593 1929 636 codicum

375 667 567 708 classem
590 663 720 707 alteri
744 663 1021 707 auctoritate
1043 663 1109 706 ita
1130 671 1364 720 praestare
1387 679 1526 720 quam
1546 664 1737 707 unicum
1761 672 1928 707 testem

375 750 478 777 cum
531 735 624 778 fide
677 734 805 791 sequi
860 734 1005 777 liceat.
1076 735 1230 789 Quare
1282 734 1384 777 aliis
1431 750 1613 791 quoque
1665 735 1795 788 locis,
1847 735 1927 778 ubi

374 805 546 848 Suidae
579 805 847 849 testimonio
878 820 972 848 non
1006 805 1193 858 utimur,
1232 804 1374 847 libero
1406 805 1577 848 iudicio
1611 807 1927 862 expendemus

374 876 653 919 deteriorum
677 875 887 919 codicum
909 875 1132 919 lectiones
1154 891 1305 932 neque
1334 877 1585 918 admodum
1608 875 1927 920 dubitabimus

373 946 624 1003 scripturas
655 947 796 990 huius
827 946 1031 989 familiae
1062 945 1109 988 in
1144 954 1325 989 textum
1357 946 1567 1002 recipere.

517 1017 684 1061 Prioris
707 1017 876 1060 deinde
909 1016 1067 1060 classis
1099 1016 1269 1060 librum
1293 1018 1327 1060 C
1360 1017 1605 1073 egregium
1638 1032 1737 1060 esse
1759 1018 1925 1060 ducem

373 1089 546 1133 Suidae
569 1088 820 1147 exemplari
854 1088 1174 1134 confirmatum
1209 1087 1380 1130 etenim
1405 1088 1650 1130 duodecies
1674 1089 1929 1144 conprobat

372 1160 606 1214 lectiones,
639 1175 754 1217 quas
776 1161 921 1203 codex
945 1160 980 1202 C
1001 1160 1192 1217 praebet
1215 1166 1374 1201 contra
1398 1166 1573 1201 ceteros
1591 1174 1752 1201 omnes
1775 1158 1926 1212 libros,

373 1246 535 1274 verum
569 1246 674 1274 cum
706 1230 1025 1287 singularibus
1054 1237 1310 1272 ceterorum
1343 1229 1550 1271 eiusdem
1583 1229 1787 1272 familiae
1809 1229 1930 1272 codi-

374 1317 478 1345 cum
516 1301 795 1346 lectionibus
834 1301 914 1345 vix
958 1316 1052 1344 uno
1097 1301 1301 1343 alterove
1344 1301 1445 1343 1000
1484 1301 1556 1343 vel
1603 1299 1793 1343 omnino
1832 1315 1926 1342 non

374 1372 616 1417 consentit.

515 1445 657 1487 Haud
684 1459 881 1501 parvum
913 1443 1059 1500 igitur
1089 1444 1292 1485 fructum
1326 1441 1533 1499 capimus
1566 1456 1590 1484 e
1613 1441 1785 1485 Suidae
1807 1443 1931 1485 Ana·

372 1517 535 1558 baseos
579 1515 819 1573 excerptis,
863 1529 1060 1571 quorum
1105 1512 1390 1570 praestantia
1433 1512 1635 1570 primum
1678 1513 1726 1555 in
1760 1513 1848 1555 hac
1879 1527 1929 1555 re

371 1586 523 1643 posita
556 1594 637 1640 est,
670 1587 793 1643 quod
825 1585 882 1628 iis
911 1585 1047 1628 tertio
1080 1584 1256 1627 utimur
1287 1585 1427 1637 fonte,
1460 1584 1627 1626 deinde
1650 1598 1771 1637 vero,
1804 1584 1927 1639 quod

373 1659 608 1714 exemplar
629 1657 757 1710 illud,
790 1672 846 1699 ex
869 1671 960 1713 quo
991 1655 1160 1712 petivit
1181 1656 1525 1711 Xenophontea
1556 1654 1926 1710 lexicogmphus,

371 1729 532 1772 multis
565 1727 700 1771 annis
733 1727 915 1771 excedit
947 1735 1147 1770 aetatem
1179 1725 1391 1769 codicum
1422 1725 1762 1782 Xenophontis.
1835 1726 1929 1767 Au-

373 1799 586 1843 ctoritate
638 1798 737 1842 eius
788 1814 882 1842 non
934 1798 1001 1841 ita
1053 1812 1169 1854 opus
1222 1805 1308 1850 est,
1370 1796 1449 1839 ubi
1502 1797 1687 1839 easdem
1739 1795 1930 1839 exhibet

373 1870 622 1928 scripturas
655 1878 794 1926 atque
824 1868 1038 1912 meliores
1070 1867 1186 1922 libri,
1219 1866 1390 1925 quippe
1423 1867 1495 1910 cui
1529 1865 1662 1909 classi
1691 1865 1784 1909 iam
1805 1867 1927 1910 ultro

371 1941 570 1985 nimium
608 1940 856 1985 tribuerint
886 1940 1096 1983 editores.
1159 1937 1436 1983 Gravissimi
1469 1953 1578 1981 vero
1610 1945 1681 1981 est
1711 1936 1929 1994 ponderis

372 2012 594 2056 maiorem
615 2012 713 2056 vim
735 2013 899 2055 afferre
931 2010 1248 2067 singularibus
1282 2009 1452 2053 codicis
1475 2010 1510 2052 C
1532 2008 1772 2066 scripturis
1800 2016 1847 2051 et
1868 2009 1926 2051 ad

374 2085 612 2127 testandas
644 2082 925 2126 deteriorum
958 2081 1181 2125 lectiones
1214 2088 1261 2124 et
1282 2080 1472 2123 omnino
1506 2081 1563 2123 ad
1595 2079 1761 2122 merito
1793 2078 1928 2122 aesti-

371 2156 592 2198 mandam
613 2155 735 2197 hanc
758 2153 970 2196 codicum
997 2154 1201 2196 classem.
1265 2153 1488 2208 Idemque
1519 2166 1600 2194 sex
1632 2150 1744 2193 locis
1776 2150 1928 2193 solum

373 2224 654 2268 necessarias
677 2232 832 2268 servat
853 2223 1075 2267 lectiones
1096 2238 1248 2279 neque
1271 2224 1410 2266 semel
1430 2229 1716 2278 opportunas
1737 2221 1930 2277 praebet

374 2295 634 2353 scripturas.
711 2295 903 2352 Aliquot
949 2293 1150 2350 denique
1197 2293 1309 2336 locis
1357 2291 1650 2349 grammatici
1697 2290 1926 2347 excerptis

374 2367 605 2423 quomodo
628 2367 888 2423 corruptela
921 2365 982 2408 sit
1002 2372 1102 2408 orta
1135 2363 1348 2420 aperitur.
1402 2363 1527 2418 Quid
1549 2363 1708 2418 plura?
1753 2358 1927 2405 Suidae

374 2436 642 2480 testimonio
664 2452 750 2479 nos
777 2436 824 2479 in
849 2444 946 2479 arte
979 2435 1136 2478 critica
1158 2433 1487 2490 Xenophontis
1510 2434 1780 2476 Anabaseos
1802 2446 1928 2475 exer-

375 2509 518 2551 cenda
550 2509 679 2551 nullo
710 2515 847 2564 pacto
880 2521 1032 2550 carere
1063 2520 1198 2563 posse
1231 2504 1343 2548 satis
1376 2512 1446 2547 est
1478 2511 1854 2547 consentaneum.
