2188 3268
991 221 1279 260 —38-

361 361 526 413 παριὼν
564 360 626 400 ἐπὶ
658 359 705 399 τὰ
741 360 963 412 ὑποζύγια,
998 361 1040 401 εἴ
1063 357 1102 401 τί
1134 375 1223 401 ποι)
1254 358 1368 416 ὁρῴη
1401 360 1564 415 βρωτὸν
1596 360 1735 401 ἕὸίὸου
1769 376 1802 401 7..
1830 377 1859 402 c.
1882 362 1913 402 λ.

364 431 481 474 Cum
514 427 819 471 deterioribus
851 428 1024 471 Suidae
1057 443 1303 471 commune
1334 437 1404 472 est
1434 432 1600 484 παριὼν
1621 431 1685 472 ἐπὶ
1708 437 1754 472 et
1776 431 1915 472 ε’ὂίὸου

362 515 443 558 pro
481 498 723 542 meliorum
767 500 942 552 περιιὼν
979 506 1026 542 et
1065 501 1262 551 ὃιεὸίὸοι“;
1308 508 1468 543 contra
1507 515 1612 543 cum
1651 500 1918 543 melioribus

361 571 503 613 habet
546 573 587 612 εἴ
615 572 698 612 πού
737 587 777 612 τι
816 569 959 623 (Suid.
1000 569 1188 619 quidem
1235 573 1277 613 εἴ
1307 573 1344 612 τί
1376 571 1479 627 που)
1518 586 1599 627 pro
1638 570 1917 614 deteriorum

361 642 480 695 ἦπου
507 648 554 683 et
575 639 751 683 omittit
773 655 877 682 cum
902 639 992 682 illis
1013 642 1142 683 ποτὸν
1162 643 1198 695 ἦ.
1263 642 1391 697 Ergo
1414 641 1587 684 Suidae
1608 641 1744 685 lectio
1768 657 1919 697 neque

361 712 419 754 ad
441 710 655 754 meliores
677 726 828 767 neque
851 711 907 753 ad
931 710 1181 754 deteriores
1203 710 1344 754 libros
1365 713 1626 755 reducenda
1649 721 1729 765 est,
1763 712 1918 768 potius

363 782 598 824 communi
622 782 872 838 archetypo
897 790 968 824 est
989 781 1274 838 explicanda,
1308 782 1355 825 in
1379 798 1469 839 quo
1492 783 1726 836 lectiones,
1749 783 1917 838 quibus

362 854 611 895 concordat
641 852 807 895 Suidas
840 867 945 895 cum
967 853 1111 895 altera
1143 853 1318 896 familia
1341 861 1499 896 contra
1525 855 1728 907 alteram,
1763 853 1917 910 aliquo

361 924 499 966 modo
533 931 665 966 erant
696 924 977 966 obscuratae.

504 996 560 1037 II.
597 997 631 1037 6.
666 997 720 1036 22
758 996 860 1037 mel.
904 996 950 1037 τὸ
984 988 1021 1036 δ’
1055 997 1216 1038 ἁπλοῦν
1259 997 1408 1038 καὶτὸ
1441 991 1603 1050 ἀληθὲς
1633 996 1679 1037 τὸ
1712 997 1827 1049 αὐτῷ
1859 1000 1917 1049 τῷ

361 1067 510 1120 ἠλιθίῳ
544 1067 662 1119 εἷναι;
710 1066 801 1109 det.
834 1066 880 1107 τὸ
914 1067 958 1107 δὲ
991 1067 1149 1108 ἁπλοῦν
1187 1083 1231 1109 τε
1263 1068 1333 1108 καὶ
1364 1068 1525 1120 ἠλίθιον
1557 1068 1764 1120 ἐνομίζετο
1797 1068 1919 1119 αὐτῷ

362 1135 516 1191 ἠλιθίῳ
553 1138 669 1188 εἶναις
717 1134 840 1178 Suid.
880 1137 931 1192 (s.
962 1152 1000 1178 v.
1034 1137 1212 1192 Ms‘vwv)
1250 1137 1295 1179 τὸ
1334 1137 1379 1178 δὲ
1417 1138 1574 1178 ἁπλοῦν
1620 1136 1691 1179 καὶ
1736 1136 1782 1178 τὸ
1819 1138 1917 1190 ἀλη-

360 1209 435 1254 θές
471 1209 678 1262 ἐνομίζετο
726 1209 836 1264 αὐτῷ
872 1209 1032 1261 ἠλίθιον
1078 1203 1191 1249 εἶναι.
1256 1208 1385 1261 Quas
1423 1206 1645 1250 lectiones
1683 1206 1761 1262 qui
1801 1220 1920 1249 com-

360 1277 604 1334 paraverit,
649 1278 775 1320 haud
815 1285 1088 1320 cunctanter
1124 1278 1347 1321 fatebitur
1378 1276 1551 1322 Suidae
1582 1277 1828 1320 lectionem
1861 1278 1917 1319 ad

360 1356 574 1391 neutram
607 1348 937 1405 Xenophontis
969 1348 1190 1391 librorum
1223 1350 1416 1391 classem
1449 1348 1607 1401 redire,
1646 1362 1751 1390 cum
1784 1348 1919 1390 valde

361 1420 420 1462 ab
442 1427 638 1475 utraque
656 1418 805 1462 distet.
872 1421 1036 1475 Itaque
1058 1418 1338 1476 accipiemus
1361 1434 1385 1462 e
1408 1418 1642 1461 communi
1667 1419 1918 1475 archetypo

361 1505 464 1532 eam
481 1505 707 1543 manasse,
725 1489 772 1532 in
792 1504 882 1546 quo
900 1489 1015 1532 illud
1034 1492 1217 1545 ἠλίθιον,
1241 1491 1364 1546 quod
1383 1489 1539 1546 inepte
1556 1490 1779 1545 praebent
1797 1489 1919 1532 dete-

361 1560 514 1614 riores,
547 1576 629 1617 pro
661 1561 789 1603 varia
812 1560 1010 1604 lectione
1031 1560 1233 1617 margini
1257 1569 1355 1604 erat
1377 1562 1652 1604 adnotatum
1675 1561 1732 1603 ad
1756 1574 1916 1603 vocem

360 1634 530 1687 ἠλιθίῳ;
564 1633 686 1688 quod
720 1634 881 1686 ἠλίθιον
914 1631 1194 1674 deteriorum
1227 1640 1387 1675 auctor
1421 1633 1536 1674 falso
1569 1631 1740 1687 recepit
1769 1646 1850 1688 pro
1873 1633 1918 1672 τὸ

361 1704 531 1758 ἀληθές,
565 1702 809 1745 meliorum
832 1702 1046 1745 librarius
1075 1702 1301 1758 neglexit3
1335 1702 1412 1759 qui
1437 1701 1620 1759 scripsit
1642 1701 1858 1755 codicem,
1891 1717 1918 1744 a

361 1788 452 1830 quo
484 1774 658 1830 pendet
688 1773 911 1816 memoria
934 1773 1171 1827 Suidiana,
1207 1776 1369 1828 ἠλίθιον
1401 1773 1607 1830 reposuit
1638 1788 1720 1829 pro
1753 1774 1916 1827 ἠλιθίῳ.

506 1843 680 1888 Suidae
702 1845 938 1900 exemplar
954 1845 1351 1900 Xenophonteum
1374 1843 1521 1887 redire
1544 1845 1600 1887 ad
1624 1857 1917 1886 communem

362 1916 667 1972 archetypum
699 1914 816 1958 aliae
849 1930 1032 1971 quoque
1065 1914 1285 1958 lectiones
1318 1916 1659 1958 demonstrant:

505 1989 588 2029 III.
622 1991 658 2029 4.
693 1989 747 2029 37
779 1987 881 2028 mel.
906 1980 972 2041 ἐφ’
995 1989 1060 2041 ἥν;
1094 1987 1181 2029 ἀεῖ.
1209 1988 1274 2041 ὑφ’
1299 1989 1358 2041 ἤν.
1419 1985 1544 2029 Suid.
1569 1990 1616 2037 (S.
1640 2001 1679 2028 v.
1704 1987 1917 2039 ἀκρῶνυξ)

361 2061 422 2113 ἀφ
444 2058 504 2113 ἧς.
567 2057 618 2102 Si
641 2057 814 2101 Suidae
843 2057 1079 2113 exemplar
1111 2058 1167 2100 ad
1192 2056 1471 2100 deteriorum
1495 2071 1644 2113 genus
1667 2055 1919 2112 pertineret

362 2130 523 2172 eadem
561 2128 698 2172 lectio
735 2128 782 2170 in
831 2127 910 2170 illo
948 2135 1190 2184 appareret
1227 2136 1366 2184 atque
1404 2127 1653 2171 deteriores
1694 2127 1918 2183 praebent

362 2199 476 2243 libri.
540 2202 705 2255 Neque
737 2198 862 2242 enim
894 2197 1180 2255 perspicitur,
1225 2213 1305 2241 cur
1335 2206 1517 2241 mutata
1549 2197 1609 2241 sit
1640 2212 1750 2241 vera
1781 2196 1917 2240 lectio

361 2265 435 2326 ὑφ’
467 2274 518 2326 ἥν
555 2269 834 2313 deteriorum
878 2269 925 2312 in
965 2270 1128 2312 falsam
1172 2268 1299 2312 illam
1344 2271 1413 2324 ἀφ’
1448 2270 1507 2324 ἧς,
1551 2283 1691 2325 quarn
1728 2267 1918 2311 exhibet

362 2341 535 2384 Suidae
581 2342 735 2383 codex,
811 2343 910 2382 Nec
957 2339 1173 2396 cuiquam
1223 2347 1430 2382 occurret
1473 2341 1774 2395 depravatam
1817 2353 1916 2381 esse

361 2411 641 2455 deteriorum
685 2411 960 2467 scripturam
1005 2410 1051 2453 in
1085 2410 1257 2454 Suidae
1290 2409 1464 2460 codice;
1508 2424 1645 2466 quam
1690 2408 1918 2451 rationem

362 2483 455 2526 iam
487 2498 567 2539 per
590 2498 638 2525 se
660 2498 752 2525 non
787 2481 1072 2538 probabilem
1105 2480 1313 2524 infirmat
1343 2480 1589 2524 meliorum
1618 2479 1766 2533 lectio,
1799 2494 1917 2536 quae

362 2555 526 2597 eodem
570 2555 669 2596 loco
713 2561 927 2610 corrupta
971 2560 1050 2595 est.
1117 2553 1320 2595 Perbene
1364 2559 1521 2595 autem
1565 2566 1636 2594 res
1681 2550 1915 2594 communi

363 2624 607 2681 expeditur
638 2625 900 2680 archetypo,
933 2623 979 2666 in
1005 2637 1096 2679 quo
1128 2622 1282 2666 littera
1314 2621 1507 2666 initialis
1538 2621 1663 2664 illius
1684 2616 1758 2676 ὑφ)
1790 2621 1915 2664 haud

364 2695 458 2738 scio
481 2711 539 2738 an
562 2710 726 2752 parum
759 2696 881 2738 clara
902 2693 1052 2747 fuerit,
1085 2700 1138 2736 ut
1158 2693 1402 2736 meliorum
1434 2692 1582 2736 scriba
1604 2693 1720 2736 falso
1741 2693 1917 2749 legeret

365 2768 441 2820 ἐφ’,
475 2766 755 2809 deteriorum
787 2772 910 2809 recte
946 2767 1041 2820 ὑφ’;
1085 2763 1258 2809 Suidae
1291 2763 1461 2808 codicis
1493 2771 1653 2807 auctor
1685 2762 1801 2820 legit
1832 2764 1915 2817 ἀφ’,

363 2837 486 2892 quod
520 2845 679 2893 postea
713 2836 1024 2879 coniecturam
1058 2834 1193 2879 duxit
1226 2836 1273 2890 ἧς
1303 2850 1385 2891 pro
1418 2835 1477 2890 ἧν.
