2188 3268
948 177 1237 214 -17-

314 312 598 356 mutationes
632 313 843 356 consulto
875 314 1020 356 factas
1053 314 1178 370 (nam
1209 313 1255 355 in
1287 312 1503 355 omnibus
1534 327 1620 355 nec
1641 311 1755 355 libet
1776 327 1862 356 nec

317 390 452 427 vacat
483 382 732 439 immorari)
765 383 945 427 facilius
979 399 1322 440 cognoscemus.

454 454 609 510 Atque
646 452 848 509 primum
889 453 1075 510 quidem
1113 454 1293 508 Suidas,
1336 455 1458 510 quod
1496 469 1589 496 non
1628 452 1860 507 miramur,

316 523 596 567 sententiam
643 539 668 566 e
715 531 937 567 contextu
984 526 1185 568 solutam
1233 524 1468 580 supplevit
1519 523 1861 577 additamentis,

316 610 432 651 quae
479 594 727 637 continuae
765 594 987 638 orationis
1034 594 1191 638 lectori
1240 610 1296 637 ex
1336 594 1720 638 antecedentibus
1759 594 1863 637 sub-

316 664 548 709 audienda
580 672 700 708 sunt.

455 738 528 778 Ita
560 734 742 791 scripsit
773 751 854 792 pro
891 735 1249 793 Xenoplionteis
1287 738 1318 778 Ι.
1343 739 1378 778 2.
1406 739 1454 777 21
1492 739 1516 790 ἡ
1551 737 1596 779 δὲ
1622 737 1784 790 εἰσβολὴ
1812 736 1864 790 ἦν

316 807 414 853 ὁδὸς
452 807 650 861 ἁμαξιτὸς
681 824 720 850 κ.
753 824 784 847 τ.
816 808 848 848 λ.
881 806 1008 849 Suid.
1050 807 1098 862 (S.
1130 823 1169 849 v.
1204 806 1422 863 ἁμαξιτός)
1460 809 1484 861 ἡ
1519 808 1563 848 δὲ
1594 807 1760 861 εἰσβολὴ
1793 811 1865 860 τῆς

316 879 502 923 Κιλικίας
539 877 590 931 ἦν
629 878 690 920 ὁὸ.
721 893 758 919 κ.
790 894 820 918 τ.
852 878 883 919 λ.
963 879 1067 919 Hoc
1112 883 1182 932 τῆς
1226 878 1411 923 Κιλικίας
1454 875 1650 919 inseruit
1692 891 1748 918 ex
1795 875 1863 929 iis,

316 962 433 1003 quae
466 948 750 990 antecedunt
780 946 827 989 in
862 954 993 990 textu
1025 947 1364 1004 Xenophontis.

456 1017 682 1063 Eiusdem
727 1019 821 1060 fere
868 1017 1148 1061 conditionis
1193 1025 1263 1060 est
1301 1020 1358 1061 Π.
1395 1021 1430 1060 3.
1473 1021 1522 1059 15
1558 1034 1598 1060 v.
1638 1020 1746 1066 ὅξος,
1783 1016 1864 1060 ubi

316 1088 485 1132 Suidas
516 1089 658 1131 verba
690 1091 788 1137 ὄξος
819 1090 974 1143 ἑψητὸν
1005 1090 1088 1131 ἀπὸ
1119 1094 1203 1131 τῶν
1234 1091 1372 1131 αὐτῶν
1410 1088 1474 1131 ita
1513 1087 1559 1130 in
1595 1089 1865 1130 thesaurum

315 1158 498 1215 recepit,
531 1166 584 1202 ut
614 1174 697 1215 pro
729 1164 818 1201 τῶν
849 1161 991 1201 αὐτῶν
1022 1166 1216 1215 poneret
1245 1164 1332 1202 τῶν
1355 1162 1579 1217 φοινίκων,
1614 1160 1737 1214 quod
1769 1174 1863 1201 non

316 1229 473 1286 inepte
505 1236 586 1272 aut
617 1228 845 1272 inutiliter
882 1231 1057 1272 factum
1088 1237 1325 1285 putamus;
1373 1244 1483 1271 nam
1522 1229 1674 1272 verbis
1712 1231 1866 1272 Xeno-

316 1299 534 1358 phonteis
593 1308 722 1344 extra
780 1300 1180 1344 continuationem
1239 1300 1464 1343 sermonis
1521 1300 1684 1356 positis
1736 1301 1867 1343 nulla

318 1371 495 1414 scilicet
526 1370 597 1414 vis
629 1370 952 1428 explicationis
984 1371 1116 1414 inest.

459 1442 673 1486 Eandem
710 1442 768 1484 ob
808 1457 996 1484 causam
1028 1444 1105 1486 1V.
1140 1445 1175 1484 5.
1211 1445 1264 1484 27
1298 1457 1329 1484 s.
1359 1458 1398 1484 v.
1430 1444 1555 1496 μυζεῖ
1585 1457 1667 1499 pro
1704 1456 1868 1497 prono-

315 1511 442 1555 mine
472 1514 644 1564 τούτους
676 1511 859 1568 scripsit
888 1514 987 1559 τοὺς
1018 1514 1238 1568 καλάμους
1269 1520 1315 1555 et
1353 1527 1463 1554 sane
1495 1527 1613 1568 quae
1644 1513 1868 1568 leguntur

318 1585 398 1627 IV.
427 1586 459 1625 1.
483 1585 538 1624 24
564 1583 688 1634 αὐτὸς
711 1581 829 1638 δ’ἔφη
850 1598 883 1626 S.
908 1599 947 1626 V.
972 1585 1150 1638 δυνατὴν
1170 1582 1373 1625 mutavit
1392 1583 1440 1625 in
1466 1585 1668 1638 Ξενοφῶν
1689 1586 1781 1638 ἔφη,
1813 1590 1868 1625 ut

317 1661 454 1709 rupto
478 1652 703 1696 sermonis
726 1652 806 1696 filo
828 1654 1047 1696 lectorem
1069 1652 1203 1696 lexici
1222 1654 1278 1695 de
1301 1668 1391 1710 quo
1410 1660 1626 1709 ageretur
1643 1654 1864 1696 edoceret.

460 1724 596 1778 Quod
641 1722 816 1766 Suidae
862 1724 1071 1767 studium
1122 1723 1263 1767 etiam
1315 1723 1472 1766 omnia
1523 1723 1601 1766 illa
1653 1724 1865 1780 exempla

318 1801 561 1848 testantur,
579 1794 626 1836 in
645 1794 813 1850 quibus
828 1796 1014 1850 supplet
1025 1810 1049 1837 e
1062 1801 1284 1837 contextu
1297 1809 1468 1837 nomen
1483 1809 1718 1852 personae,
1736 1795 1867 1837 velut

452 1867 483 1908 I.
509 1869 545 1908 7.
570 1868 594 1907 8
618 1880 649 1908 S.
672 1881 713 1908 V.
743 1867 968 1917 εἷσπιπλὰς
1000 1880 1082 1921 pro
1110 1867 1134 1907 ὁ
1164 1867 1208 1907 ὁὲ
1236 1867 1447 1919 ἐμπιπλὰς
1471 1901 1478 1908 .
1500 1896 1533 1907 ..
1565 1865 1756 1908 exhibet
1776 1867 1800 1907 ὁ
1823 1866 1868 1907 δὲ

319 1938 462 1990 Κῦρος
493 1940 594 1980 seon
613 1972 620 1979 .
638 1973 646 1980 .
665 1972 672 1980 .
691 1971 700 1979 .

462 2012 493 2053 Ι.
525 2013 560 2053 9.
592 2013 646 2052 28
678 2024 709 2052 S.
740 2026 780 2053 v.
821 2010 1140 2063 σπουδαιολογῶ
1181 2008 1393 2063 exemplo
1432 2007 1489 2048 de
1529 2021 1613 2049 suo
1650 2006 1868 2063 praefixit

320 2084 343 2123 ὁ
377 2082 420 2124 ὃὲ
451 2081 606 2136 Κῦρος.

462 2154 674 2207 Itemque
696 2153 729 2194 1.
754 2154 789 2193 9.
818 2153 868 2193 16
887 2165 969 2207 pro
991 2147 1346 2206 Xenophonteis
1370 2148 1475 2202 περὶ
1497 2148 1664 2199 παντὸς
1686 2150 1868 2191 ἐποιεῖτο

319 2240 354 2265 κ.
382 2240 417 2265 τ.
446 2224 482 2266 λ.
523 2220 732 2265 exaravit
768 2220 898 2265 Suid.
940 2220 986 2277 (S.
1016 2236 1056 2263 V.
1095 2219 1202 2276 περὶ
1241 2218 1423 2275 παντός)
1462 2220 1486 2260 ὁ
1519 2220 1563 2260 δὲ
1593 2219 1739 2272 Κῦρος
1777 2220 1870 2274 περὶ

320 2294 483 2339 παντὸς
514 2310 550 2335 κ.
572 2310 602 2334 τ.
624 2294 657 2334 λ.

461 2365 625 2419 Neque
662 2377 772 2405 vero
811 2369 1103 2405 constantem
1141 2359 1284 2403 fuisse
1315 2359 1362 2402 in
1396 2360 1485 2402 hoc
1517 2358 1672 2402 studio
1703 2357 1870 2402 lexico-

321 2435 553 2491 graphum
586 2432 791 2477 ostendit

461 2507 520 2547 ΙΙ.
551 2508 586 2548 3.
621 2507 671 2547 15
700 2520 740 2547 v.
771 2503 1040 2560 ἀπόλεκτοιῑ),
1080 2501 1158 2545 ubi
1197 2501 1366 2546 Suidas
1405 2502 1464 2544 ad
1506 2502 1695 2544 verbum
1734 2501 1871 2544 affert

321 2573 377 2618 Αἱ
419 2577 463 2617 δὲ
501 2573 562 2622 εἷς
597 2576 692 2622 τοὺς
729 2576 936 2626 δεσπότας
983 2573 1064 2629 (sic
1101 2588 1250 2616 errore
1288 2572 1511 2628 scriptum
1549 2579 1619 2615 est
1663 2587 1745 2629 pro
1782 2574 1871 2619 τοῖς

468 2732 497 2780 ¹)
546 2732 667 2776 Quod
712 2734 938 2781 exemplum
985 2732 1134 2767 nullam
1181 2741 1277 2778 prae
1325 2742 1367 2766 se
1415 2729 1489 2767 fert
1535 2729 1713 2778 speciem
1752 2729 1870 2767 inter-

322 2790 546 2839 polationis‚
578 2797 620 2828 ut
650 2792 732 2828 vult
762 2791 1048 2839 Bernhardyus.
