2188 3268
969 202 1260 240 —10—

545 343 585 382 D
626 337 922 395 (Oxoniensis
954 337 1232 381 Bodleianus
1266 342 1336 383 39.
1369 339 1540 382 saeculi
1571 342 1685 384 XIV
1720 341 1790 382 vel
1823 339 1887 382 in-

628 408 782 452 euntis
814 411 914 462 XV,
947 410 1026 451 sed
1049 408 1157 451 inde
1188 425 1215 452 a
1244 409 1359 452 libro
1383 411 1586 452 secundo
1609 411 1665 453 ad
1690 412 1884 453 alterum

630 494 780 535 genus
814 479 1023 521 codicum
1057 479 1261 536 accedit),

545 553 579 592 B
627 549 880 605 (Parisinus
900 553 1020 602 1641,
1037 550 1235 606 scriptus
1253 552 1345 593 fere
1363 553 1546 594 saeculo
1562 553 1885 607 XVexeunte),

545 623 585 662 A
634 620 906 676 (Vaticanus
939 622 1051 676 987),

546 692 586 736 E
630 691 925 748 (Etonensis).

474 761 664 805 Codices
708 761 898 804 omnino
943 763 1036 804 fere
1080 763 1279 818 pendere
1325 778 1351 804 a
1394 762 1509 805 libro
1560 764 1594 806 C
1640 763 1724 806 viri
1764 764 1886 806 docti

333 841 615 886 asseverant3
655 841 890 890 postremo
923 848 1032 875 vero
1065 834 1164 876 loco
1196 834 1464 876 habendum
1497 848 1596 877 esse
1630 835 1724 877 cod.
1759 837 1809 878 E.
1826 838 1852 890 ¹)

474 903 678 947 Alterius
711 903 895 959 generis
928 903 1106 946 codices
1140 911 1250 946 sunt
1283 903 1564 960 gravissimi:

546 977 592 1017 H
628 975 1051 1030 (Guelferbytanus,
1065 974 1346 1028 saeculiXV,
1361 989 1497 1031 quem
1509 975 1888 1018 Breitenbachius

627 1044 870 1101 egregium
894 1043 1004 1087 facit
1034 1052 1200 1087 testem
1223 1045 1363 1087 huius
1387 1045 1554 1088 classis.
1618 1047 1747 1089 Idem
1771 1061 1888 1102 quae

630 1131 656 1158 a
689 1115 934 1158 Dindorfio
966 1130 1059 1157 non
1093 1122 1216 1158 recte
1247 1123 1357 1158 sunt
1389 1117 1533 1158 relata
1565 1117 1622 1158 de
1653 1117 1741 1159 hoc
1771 1115 1888 1159 libro

630 1188 702 1229 vel
736 1186 1071 1242 praetermissa,
1110 1187 1196 1228 sub
1236 1187 1407 1229 calcem
1446 1186 1746 1243 praefationis
1779 1201 1888 1229 suae

628 1257 842 1313 collegit),

546 1331 586 1370 D
627 1329 791 1384 (Oxon.
827 1329 951 1370 Bodl.
986 1343 1066 1383 per
1097 1327 1237 1371 libros
1272 1330 1500 1383 II—VII),

546 1402 578 1453 1,
627 1402 682 1453 K,
717 1402 754 1445 L
788 1398 1046 1456 (Vaticani),

547 1471 595 1523 F,
629 1471 670 1513 G
706 1469 968 1525 (Vaticani),

546 1544 580 1583 P
629 1540 907 1596 (Parisinus).

475 1615 604 1655 Duas
648 1611 845 1654 discerni
885 1610 1095 1654 codicum
1141 1610 1340 1654 familias
1379 1611 1471 1654 iam
1511 1610 1617 1653 dixi.
1651 1612 1743 1654 Sed
1778 1611 1889 1653 Din-

333 1683 508 1726 dorfius
556 1697 660 1725 cum
705 1698 828 1725 anno
874 1686 982 1724 1825
1022 1683 1178 1725 ederet
1209 1681 1460 1736 Anabasin,
1500 1697 1711 1725 normam
1750 1682 1890 1725 intro-

334 1754 469 1797 duxit
499 1754 547 1796 in
583 1753 718 1797 crisin
753 1753 893 1796 huius
926 1753 1042 1807 libri,
1076 1761 1128 1796 ut
1161 1753 1239 1796 ubi
1274 1768 1386 1795 sana
1409 1752 1588 1796 ratione
1611 1752 1711 1796 fieri
1734 1760 1890 1809 posset

334 1840 439 1868 cum
484 1824 727 1868 meliorum
772 1824 994 1867 librorum
1035 1823 1293 1873 consensui,
1340 1831 1440 1867 tum
1478 1823 1557 1866 ubi
1596 1823 1644 1866 hi
1683 1823 1804 1866 inter
1841 1838 1890 1866 se

335 1895 648 1950 dissentirent,
679 1894 856 1951 primae
877 1895 1036 1938 manui
1062 1896 1096 1938 C
1119 1893 1288 1937 codicis
1311 1896 1718 1951 obtemperaretur,
1752 1909 1890 1951 quam

334 1968 529 2010 eandem
547 1968 640 2009 fere
662 1965 889 2009 rationem
912 1966 1057 2009 secuti
1077 1974 1188 2009 sunt
1206 1968 1559 2008 Bornemannus
1571 1969 1600 2017 2)
1619 1973 1665 2009 et
1681 1967 1889 2022 Poppo.³)

334 2039 505 2081 Contra
566 2038 612 2081 C.
659 2038 714 2080 G.
760 2038 1073 2093 Kruegerus⁴)
1135 2036 1309 2093 sprevit
1369 2036 1613 2079 meliorum
1679 2035 1889 2080 codicum

336 2108 569 2162 lectiones,
609 2123 726 2165 quae
764 2107 1050 2164 vulgaribus,
1089 2107 1134 2150 id
1169 2115 1239 2150 est
1271 2107 1586 2160 deterioribus,
1619 2122 1712 2150 non
1745 2107 1890 2150 mani-

335 2181 451 2222 feste
489 2187 644 2222 essent
675 2178 1044 2236 praestantiores.
1109 2181 1288 2221 Rursus
1323 2177 1553 2220 Dindorfii
1587 2177 1787 2234 vestigia
1824 2177 1891 2220 in-

335 2265 521 2306 gressus
560 2257 630 2293 est
664 2249 1007 2306 Hertleini11525),
1048 2248 1136 2291 nisi
1177 2249 1298 2305 quod
1338 2264 1431 2291 non
1471 2264 1572 2292 raro
1611 2247 1888 2292 deteriorum

335 2320 544 2363 codicum
562 2320 811 2376 scripturas
829 2319 1106 2363 lectionibus
1124 2319 1287 2376 prioris
1305 2319 1507 2362 familiae
1524 2334 1629 2362 cum
1648 2321 1889 2375 Kruegero

335 2392 564 2448 praetulit.
631 2391 811 2434 Deinde
835 2392 1116 2434 Kuehnerus
1144 2390 1412 2434 melioribus
1441 2390 1568 2434 libris
1591 2398 1637 2433 et
1659 2390 1705 2433 in
1730 2389 1888 2446 primis

482 2527 512 2575 ¹)
545 2527 684 2576 Itaque
718 2527 807 2564 cod.
831 2526 863 2562 E
894 2525 1163 2575 neglegendus
1203 2531 1273 2565 est.
1312 2526 1343 2562 si
1382 2537 1460 2562 non
1494 2525 1680 2562 meliores
1714 2525 1888 2573 sequitur

337 2586 470 2628 libros,
513 2587 584 2623 sed
617 2598 708 2623 cum
741 2586 1004 2622 deterioribus
1038 2585 1247 2633 conspirat.

480 2644 513 2692 2)
545 2645 777 2681 Schneideri
801 2645 893 2683 edit.
917 2644 1134 2681 secundam
1159 2643 1308 2680 curavit
1325 2643 1623 2680 Bornemannus
1640 2642 1745 2691 Lips.
1769 2641 1890 2680 1825.

480 2700 514 2754 3)
547 2704 746 2751 Popponis
779 2704 872 2740 edit.
910 2702 1031 2741 1827.

480 2759 515 2813 ⁴)
547 2761 591 2798 In
623 2763 717 2799 edit.
749 2762 842 2798 Hal.
873 2763 960 2799 Sax.
997 2760 1120 2800 1826.

482 2818 516 2872 5)
550 2821 622 2857 Ed.
654 2821 780 2869 prima
817 2820 939 2861 1847.
972 2821 1086 2858 tertia
1123 2820 1245 2859 1857.
