2188 3268
953 182 1243 220 —15-..

321 321 568 373 involasse3
630 334 729 362 esse
782 318 997 362 credibile
1049 321 1201 361 locum
1252 317 1393 360 huius
1446 316 1679 374 scriptoris
1731 315 1868 359 inter-

321 398 505 447 ceptum
549 389 703 444 fuisse,
747 397 994 446 postquam
1040 389 1188 432 simile
1232 387 1560 444 Xenophontis
1604 388 1867 443 exemplum

320 459 597 504 accessisset.

461 533 547 573 III.
581 535 619 573 4.
651 533 706 573 35
747 546 777 573 S.
812 547 851 574 V.
896 532 1202 585 πεποδισμένοι
1252 529 1352 586 (bis)
1397 529 1739 585 Xenophontea
1789 542 1869 585 per

321 603 434 644 duas
467 602 646 657 glossas
678 600 869 644 disiecta
902 608 1012 644 sunt
1043 600 1089 643 in
1124 600 1340 644 omnibus
1373 599 1544 643 Suidae
1576 598 1713 641 libris.

461 673 592 727 Quae
622 673 803 726 menda,
837 687 939 714 cum
974 688 1000 714 a
1032 673 1160 713 nullo
1193 670 1365 715 Suidae
1404 671 1519 713 libro
1551 668 1868 725 manuscripto

325 742 487 796 absint,
520 741 611 785 iam
644 741 691 784 in
725 742 804 785 illo
837 742 992 785 codice
1019 741 1270 798 originario
1293 740 1502 784 extitisse
1530 740 1664 783 nobis
1688 755 1868 783 sumen-

323 815 430 856 dum
463 820 546 856 est.

463 883 554 926 Hic
580 898 763 940 quoque
795 891 866 927 est
897 884 1134 939 agendum
1167 884 1224 925 de
1247 881 1470 938 exemplis
1502 880 1868 937 Xenophonteis‚

322 969 438 1010 quae
469 953 540 997 bis
572 955 644 997 vel
680 961 748 997 ter
779 961 1054 1012 repetuntur
1085 954 1208 1010 apud
1239 952 1633 1008 lexicographum.
1683 952 1870 1008 (Nostra

322 1024 443 1067 enim
495 1024 609 1067 scire
661 1024 869 1078 interest,
931 1032 1088 1067 utrum
1141 1024 1351 1080 exempla
1409 1023 1574 1066 iterata
1626 1038 1650 1064 e
1702 1021 1869 1078 glossis

322 1095 632 1151 superioribus
679 1096 951 1152 deprompta
997 1095 1091 1138 sint
1139 1110 1197 1138 an
1246 1109 1302 1137 ex
1350 1093 1449 1150 ipsa
1495 1092 1727 1149 Anabasi.)
1796 1095 1870 1136 Ita

322 1167 636 1221 fragmentum
667 1167 1074 1222 Xenophonteum,
1107 1166 1229 1221 quod
1263 1163 1486 1221 scriptum
1519 1163 1730 1206 videmus
1764 1178 1794 1205 s.
1829 1179 1867 1205 v.

322 1238 552 1292 ἀνέβαλλεν,
584 1236 707 1280 idem
739 1236 991 1293 reperimus
1019 1252 1049 1279 s.
1073 1253 1145 1279 vv.
1173 1237 1404 1291 Τηρίβαζος
1435 1242 1481 1277 et
1511 1237 1670 1289 παρείη,
1704 1233 1870 1290 quibus

322 1307 432 1350 locis
463 1309 806 1364 Xenophontea
844 1323 938 1350 non
977 1322 1077 1350 esse
1115 1305 1344 1362 descripta
1382 1321 1438 1348 ex
1469 1306 1615 1348 Anab.
1650 1307 1726 1348 IV.
1761 1309 1796 1347 4.
1833 1309 1869 1347 4.

322 1379 400 1420 sed
449 1393 473 1420 e
511 1378 744 1435 superiore
784 1379 939 1434 glossa
981 1380 1201 1433 ἀνέβαλλεν
1247 1377 1354 1419 inde
1394 1375 1700 1432 cognoscitur,
1748 1375 1869 1431 quod

321 1450 406 1490 sub
440 1448 654 1491 omnibus
687 1449 760 1491 his
792 1448 983 1491 vocibus
1017 1450 1237 1504 leguntur
1269 1450 1292 1489 ὁ
1325 1450 1370 1489 δὲ
1404 1447 1639 1502 Τηρίβαζος
1671 1448 1790 1504 φίλος
1820 1446 1872 1500 ἦν

320 1523 376 1576 τῷ
412 1521 577 1574 βασιλεῖ,
616 1534 733 1576 quae
770 1521 911 1575 longe
949 1519 1082 1562 aliter
1122 1526 1284 1561 extant
1323 1518 1370 1560 in
1404 1516 1622 1560 Anabasi.
1687 1516 1871 1572 (Suidas

321 1590 607 1646 transposuit
637 1598 684 1633 et
715 1589 872 1633 omisit
902 1590 1069 1646 verba.)
1144 1592 1316 1633 Utrum
1349 1596 1505 1631 autem
1539 1586 1871 1644 grammaticus

320 1660 418 1716 ipse
440 1660 706 1717 repetiverit
737 1676 794 1703 an
820 1660 1108 1704 transtulerit
1140 1659 1442 1716 interpolator
1469 1659 1744 1715 exemplum,
1776 1673 1870 1700 non

321 1732 456 1774 valde
492 1731 694 1787 pertinet
731 1733 789 1775 ad
821 1739 1028 1775 nostram
1061 1746 1156 1773 rem
1195 1746 1280 1773 nec
1312 1729 1445 1773 facile
1477 1728 1674 1771 discerni
1706 1736 1869 1785 potest„

321 1804 653 1845 Verumtamen
687 1802 734 1844 in
770 1804 973 1858 glossam
1000 1804 1229 1857 Τηρίβαζος
1261 1801 1410 1843 aliena
1442 1815 1584 1842 manu
1618 1800 1872 1855 eademque

322 1872 563 1915 temeraria
595 1872 724 1915 illata
756 1888 855 1915 esse
877 1874 1219 1928 Xenophontea
1251 1871 1329 1914 vix
1352 1886 1524 1927 negare
1545 1870 1662 1913 licet.
1728 1872 1870 1912 Reco-

322 1942 478 1999 quitur
516 1943 640 1986 enim
679 1943 925 2001 explicatio
959 1958 1140 2000 quoque
1172 1943 1299 1985 vocis
1341 1943 1564 1997 ἀνέβαλλεν
1597 1967 1650 1971 -
1685 1943 1770 1983 ἀντὶ
1800 1945 1872 1984 τοῦ

321 2016 563 2070 ἀνεβίβαζεν
593 2041 661 2068 -,
706 2030 825 2070 quae
857 2030 887 2057 s.
921 2031 960 2057 v.
995 2015 1217 2069 ἀνέβαλλεν
1249 2012 1435 2069 quidem
1472 2013 1626 2055 locum
1658 2012 1872 2064 habebat,

321 2086 378 2127 ad
427 2087 629 2141 glossam
682 2101 790 2128 vero
847 2087 1076 2141 Τηρίβαζος
1113 2083 1319 2126 minime
1380 2084 1585 2140 quadrat.
1668 2081 1872 2135 Accedit,

321 2156 442 2212 quod
477 2157 572 2199 cod.
595 2158 638 2200 V
671 2157 717 2213 (s,
750 2173 790 2199 v.
818 2157 1062 2212 Τηρίβαζος)
1096 2156 1361 2211 exemplum
1392 2153 1439 2196 in
1472 2152 1685 2209 margine
1716 2153 1869 2195 habet.

462 2229 626 2283 Neque
648 2242 757 2270 vero
779 2228 1097 2283 fragmentum
1121 2227 1303 2282 glossae
1325 2224 1558 2280 ἐπιτήδειος
1580 2239 1604 2266 e
1627 2238 1739 2267 voce
1771 2225 1870 2278 βλα-

320 2300 492 2347 κεύεται,
525 2299 604 2340 sed
628 2313 684 2340 ex
708 2297 808 2355 ipsa
829 2297 1035 2340 Anabasi
1058 2312 1158 2340 esse
1181 2295 1464 2352 descriptum
1487 2294 1645 2338 statim
1667 2293 1752 2337 tibi
1775 2308 1872 2350 per-

321 2368 537 2411 suadebis
584 2369 621 2411 si
661 2369 873 2426 exempla
919 2368 1186 2424 inspexeris.
1249 2370 1361 2409 Nam
1408 2381 1525 2422 quae
1573 2373 1683 2408 sunt
1719 2367 1872 2407 Xeno—

320 2439 510 2495 phontis
533 2442 594 2484 ΙΙ.
619 2443 655 2483 3.
684 2444 729 2482 11
768 2442 810 2482 ἒν
840 2441 917 2494 μὲν
947 2445 996 2495 τῇ
1028 2441 1224 2494 ἀριστερᾷ
1254 2440 1358 2494 χειρὶ
1388 2439 1433 2479 τὸ
1467 2439 1567 2493 δόρυ
1600 2440 1720 2491 ἔχων,
1753 2438 1796 2478 ἓν
1829 2437 1873 2477 δὲ

320 2516 367 2565 τῇ
392 2512 504 2566 δεξιᾷ
534 2514 778 2566 βακτηρίαν,
810 2512 881 2553 καὶ
901 2513 942 2553 εἴ
964 2528 1021 2557 τις
1051 2513 1161 2567 αὐτῷ
1191 2512 1333 2563 δοκοίη
1355 2514 1439 2551 τῶν
1459 2510 1561 2564 πρὸς
1581 2513 1704 2550 τοῦτο
1726 2523 1871 2560 τεταγ-

320 2584 460 2635 μένων
479 2584 709 2637 βλακεύειν·
741 2583 1013 2636 ἐκλεγόμενος
1032 2581 1103 2623 τὸν
1125 2582 1350 2635 ἐπιτήδειον
1372 2583 1536 2621 {halama
1557 2581 1608 2620 ἂν
1639 2577 1704 2620 ita
1726 2591 1873 2620 recur-

321 2659 431 2694 runt
462 2653 587 2708 apud
619 2652 814 2696 Suidam
847 2668 878 2695 s,
911 2669 952 2695 v.
984 2653 1246 2707 βλακεύεταιῑ

488 2724 524 2765 *2'
545 2741 603 2775 τις
633 2726 749 2778 αὗτῷ
781 2725 923 2778 δοκοίη
955 2728 1039 2764 τῶν
1068 2723 1176 2775 πρὸς
1206 2727 1326 2764 τοῦτο
1357 2723 1615 2774 τεταγ,ιιὲνων
1646 2721 1871 2775 βλακεύειν,

322 2795 593 2850 ἐκλεγόμενος
629 2795 698 2836 τὸν
730 2796 955 2848 ἐπιτήδειον
993 2796 1143 2835 ἔπταιεν
1180 2795 1231 2834 ἂν
1262 2797 1310 2846 τῇ
1341 2793 1546 2846 βακτηρίᾳ
1558 2809 1571 2841 ,-
