2188 3268
987 203 1277 241 -11-

347 341 464 384 libro
497 342 538 382 A
576 341 680 396 plus
718 339 934 396 ponderis
974 338 1136 383 tribuit
1168 354 1305 396 quarn
1338 353 1509 391 omnes,
1542 336 1619 394 qui
1653 345 1761 380 ante
1793 352 1897 380 eum

346 418 673 455 recensuerant
708 410 958 453 Anabasin.
1023 411 1067 453 C.
1094 409 1321 453 Matthiae
1336 410 1363 466 ¹)
1396 424 1504 452 vero
1537 407 1668 452 alteri
1697 407 1900 451 familiae

348 481 512 525 habuit
544 480 696 534 fidem,
729 481 806 523 ubi
842 495 945 523 cum
969 481 1209 537 Stephano
1242 479 1474 523 consentit
1505 487 1551 522 et
1571 479 1761 535 praebet
1783 493 1900 534 quae

348 549 605 595 tolerabilia
637 551 865 594 videntur.
929 553 1118 594 Novum
1152 549 1352 607 denique
1384 549 1495 593 artis
1528 549 1712 592 criticae
1739 549 1902 591 funda-

347 629 558 665 mentum
603 621 773 664 struxit
813 621 1084 664 Dindorfius
1129 621 1175 664 in
1222 622 1365 664 altera
1403 619 1606 663 editione
1644 618 1899 663 Oxoniensi

347 707 472 735 anno
524 695 635 734 1855
687 691 1044 735 accuratissimis
1097 691 1317 734 librorum
1366 692 1411 744 C,
1460 693 1506 743 B,
1555 693 1595 732 D
1650 689 1902 733 collationi-

349 764 434 805 bus
482 761 714 806 adhibitis.
798 765 936 805 Nunc
979 789 1033 794 —
1077 777 1136 805 ne
1178 761 1351 804 nimius
1396 761 1482 804 sim
1520 787 1574 792 —
1612 768 1708 804 arte
1745 760 1902 804 critica

346 834 413 876 ita
445 841 643 876 utuntur
675 833 883 883 editores,
917 841 969 876 ut
1000 832 1175 889 primae
1205 832 1366 875 manui
1399 831 1568 874 codicis
1593 832 1627 875 C
1658 831 1901 874 meliorum

349 903 484 946 unice
516 905 610 946 fere
642 904 847 946 habeant
878 903 1019 946 fidem
1053 902 1307 959 ceterisque
1337 902 1477 956 libris,
1515 901 1795 958 ubicumque
1825 901 1901 944 ille

347 973 517 1028 deficit,
551 981 787 1030 tamquam
812 974 997 1017 auxiliis
1019 981 1222 1026 utantur,
1255 973 1344 1016 nisi
1368 974 1484 1016 forte
1506 971 1709 1029 excipias
1731 973 1903 1016 Schen-

348 1045 578 1101 kelium2),
612 1044 689 1101 qui
723 1059 1003 1101 quamquam
1035 1044 1239 1087 maxima
1271 1043 1331 1086 sit
1362 1042 1554 1086 Parisini
1585 1044 1619 1086 C
1641 1042 1902 1095 auctoritas,

350 1130 500 1171 neque
540 1123 711 1158 temere
749 1115 858 1158 huic
890 1115 1006 1158 libro
1039 1114 1181 1157 fidem
1214 1129 1312 1157 esse
1344 1115 1607 1157 habendam
1640 1121 1797 1156 censet
1827 1128 1903 1155 ne-

352 1200 440 1242 que
485 1186 673 1229 alterius
718 1186 901 1241 generis
947 1185 1142 1238 codices,
1187 1192 1349 1241 utpote
1393 1183 1470 1240 qui
1512 1184 1750 1226 nonnullis
1792 1183 1903 1226 locis

350 1256 580 1312 genuinas
632 1257 883 1313 praebeant
937 1255 1186 1312 scripturas
1238 1255 1285 1298 in
1332 1254 1600 1298 melioribus
1653 1262 1901 1310 corruptas,

350 1342 536 1384 prorsus
569 1342 667 1370 esse
700 1328 1028 1383 neglegendos.

493 1481 584 1524 Sed
634 1488 922 1523 transeamus
961 1481 1019 1522 ad
1051 1478 1223 1523 Suidae
1261 1478 1453 1532 lexicon,
1497 1479 1553 1520 de
1591 1478 1721 1521 cuius
1753 1486 1905 1521 aetate

350 1553 486 1594 valde
537 1550 785 1607 ambigunt
832 1549 1101 1603 sententiae,
1149 1564 1254 1592 cum
1306 1550 1364 1592 ab
1413 1549 1513 1605 ipso
1564 1548 1903 1604 lexicographo‚

348 1636 441 1677 quo
481 1629 686 1677 tempore
726 1620 1049 1676 conscripserit
1088 1621 1369 1672 thesaurum,
1407 1619 1522 1662 nihil
1557 1618 1904 1675 comperiamus.

352 1694 571 1748 Longum
616 1700 686 1734 est
733 1707 892 1734 omnes
938 1690 1195 1735 sententias
1240 1690 1553 1747 discrepantes
1597 1691 1746 1732 affere.
1822 1691 1905 1732 Ac-

350 1762 644 1819 quiescamus
682 1762 837 1818 potius
886 1762 932 1804 in
976 1777 1041 1814 eo,
1084 1762 1207 1818 quod
1252 1768 1516 1804 statuerunt
1547 1759 1634 1803 viri
1667 1759 1808 1813 docti,
1852 1769 1906 1803 ut

351 1834 543 1875 afferam
567 1834 918 1887 Bernhardyum
930 1833 979 1888 3),
1013 1831 1206 1875 Suidam
1229 1831 1408 1874 lexicon
1433 1846 1569 1873 suum
1592 1830 1905 1887 composuisse

350 1903 503 1945 medio
542 1904 635 1945 fere
674 1905 857 1946 saeculo
897 1902 1085 1945 decimo.
1151 1904 1315 1958 Longe
1352 1901 1497 1957 igitur
1529 1908 1716 1958 superat
1753 1908 1905 1944 aetate

352 1975 498 2016 codex
535 1973 623 2028 ille,
663 1988 800 2030 quem
837 1973 884 2015 in
931 1988 1070 2015 usum
1109 1972 1295 2015 vocavit
1337 1971 1713 2028 lexicographus,
1752 1979 1904 2014 vetus-

354 2044 557 2088 tissimos
590 2043 730 2087 libros
762 2044 1140 2100 Xenophonteos.

494 2127 634 2180 Libri,
667 2126 834 2183 quibus
856 2125 1059 2169 maxime
1086 2125 1252 2169 nititur
1279 2125 1500 2168 memoria
1523 2124 1656 2168 lexici
1679 2123 1904 2174 Suidiani,

354 2207 483 2240 sunt:

564 2270 606 2310 A
639 2268 892 2324 (Parisinus
927 2270 1052 2320 2625,
1086 2267 1164 2323 qui
1198 2268 1434 2310 saeculum
1466 2268 1586 2309 XIII
1620 2265 1840 2322 attingit),

566 2342 607 2383 V
640 2338 913 2396 (Vossianus
954 2336 1208 2391 Leidensis,
1247 2337 1325 2394 qui
1364 2338 1546 2380 saeculo
1577 2339 1671 2380 XII
1708 2336 1906 2393 scriptus

642 2425 742 2453 esse
773 2410 944 2465 fertur),

567 2482 601 2524 C
643 2480 941 2537 (Oxoniensis
974 2479 1144 2523 saeculi
1176 2482 1293 2532 XV).

502 2695 534 2750 1)
564 2698 665 2735 Edd.
701 2697 805 2736 1851
844 2704 884 2735 et
920 2697 1041 2737 1859.

499 2754 534 2808 2)
565 2757 638 2793 Ed.
674 2756 796 2796 1869.

500 2814 532 2863 3)
566 2815 609 2851 In
643 2820 856 2852 comment.
889 2815 938 2852 de
972 2815 1116 2852 Suidae
1149 2816 1276 2853 lexico
1310 2815 1405 2864 Cap.
1438 2815 1466 2852 Ι.
1498 2815 1536 2854 2.
