2188 3268
949 224 1238 264 -19-

451 364 507 405 11.
546 366 580 406 1.
612 364 636 404 6
667 376 697 404 S.
723 377 761 404 v.
791 361 1018 414 κόπτοντες
1031 365 1057 413 ¹)
1080 362 1423 419 Xenophontea
1445 363 1591 404 ἐκτῶν
1615 354 1864 414 ὑποζυγίων

307 433 546 484 κόπτοντες
590 434 689 480 τοὺς
731 437 835 487 βοῦς
881 433 953 476 καὶ
1002 426 1126 485 ὅνους
1172 432 1372 476 breviter
1410 430 1565 488 coegit
1601 430 1769 475 Suidas
1814 431 1861 473 in

309 502 363 548 τὰ
384 498 595 560 ὑποζύγια
625 504 865 555 κόπτοντες.

452 586 640 639 Eorum,
674 600 792 641 quae
822 586 1046 642 leguntur
1078 586 1200 642 apud
1233 585 1594 641 Xenophontem
1628 586 1684 626 ΙΙ.
1719 586 1754 626 2.
1792 587 1862 625 17:

308 659 348 699 οἱ
385 657 431 700 δὲ
462 659 642 710 ὕστεροι
669 659 867 699 σκοταῖοι
902 654 1160 712 προσιόντες
1192 650 1252 707 ιῦς
1283 656 1513 713 ἐτύγχανον
1543 655 1719 698 ἕκαστοι
1750 655 1866 709 ηὐλί-

315 730 450 780 ζοντο,
489 725 670 779 Suidas,
709 726 786 782 qui
821 727 877 768 ad
910 725 1240 769 illustrandum
1271 725 1385 768 illud
1419 729 1615 769 σκοταῖοι
1646 725 1773 767 hunc
1804 725 1866 767 lo-

310 811 416 840 cum
459 795 628 848 attulit,
676 797 887 839 consulto
934 795 1091 839 omisit
1134 797 1274 839 verba
1319 789 1378 848 ιῦς
1415 795 1641 853 ἐτύγχανον
1679 797 1862 847 ἔκαστοι,

309 867 478 924 quibus
511 881 663 910 carere
694 866 856 923 potuit.

452 951 529 992 IV.
563 952 599 992 2.
633 952 658 992 3
692 951 807 991 Xen.
841 949 986 992 Anab.
1023 948 1265 992 ἐκυλίνδουν
1297 951 1337 992 οἷ
1362 947 1572 1005 βάρβαροι
1597 944 1866 1005 ὁλοιτρόχους

312 1015 572 1075 ἁμαξιαίους
609 1020 681 1063 καὶ
717 1020 890 1076 μείζους
926 1021 994 1062 καὶ
1034 1018 1245 1073 ἐλάττους,
1291 1022 1337 1061 οῖ’
1365 1018 1596 1078 φερόμενοι
1635 1017 1751 1074 πρὸς
1790 1017 1868 1071 τοὶς

311 1094 472 1145 πέτρας
518 1091 751 1142 πταίοντες
796 1091 1172 1150 διεσφενδονῶντο.
1241 1089 1368 1134 Suid.
1419 1090 1466 1146 (s.
1496 1106 1534 1133 v.
1581 1084 1865 1146 ὁλοιτρόχους)

313 1163 454 1204 verba
486 1162 557 1204 καὶ
590 1164 762 1217 μείζους
792 1163 861 1204 καὶ
894 1160 1095 1212 ἐλάττους
1126 1168 1173 1203 et
1201 1157 1311 1215 πρὸς
1341 1157 1415 1212 τὰς
1444 1163 1598 1217 πέτρας
1630 1164 1866 1211 πταίοντες,

312 1247 418 1275 cum
450 1232 490 1275 ei
524 1233 581 1275 ad
614 1247 710 1275 rem
742 1246 1029 1288 supervacua
1060 1230 1339 1284 viderentur,
1372 1230 1590 1287 neglexit

453 1317 608 1371 Atque
632 1313 804 1357 citandi
827 1315 965 1357 modo
988 1312 1144 1369 potius
1167 1328 1306 1369 quam
1329 1312 1484 1366 codici,
1508 1328 1643 1369 quem
1665 1312 1712 1355 in
1730 1327 1868 1355 usum

313 1385 499 1428 vocavit
549 1382 893 1441 grammaticus
943 1384 1243 1427 tribuendum
1285 1391 1371 1437 est,
1419 1384 1541 1440 quod
1587 1383 1867 1427 sententiam

312 1457 706 1512 Xenophonteam
740 1457 771 1497 Ι.
806 1459 842 1497 5.
882 1459 931 1497 10
966 1457 1077 1498 οἶνον
1108 1472 1148 1497 τε
1180 1453 1287 1511 (scil.
1322 1456 1573 1510 ἐλάμβανον)
1606 1457 1652 1498 ἐκ
1682 1459 1760 1512 τῆς
1789 1459 1869 1509 βα-

308 1522 442 1569 λάνου
481 1529 776 1584 πεποιημένον
812 1530 890 1583 τῆς
924 1521 1019 1568 άπὸ
1051 1531 1129 1568 τοῦ
1161 1524 1358 1582 φοίνικος
1389 1540 1420 1568 S.
1444 1541 1484 1567 v.
1516 1524 1704 1580 βάλανος
1736 1524 1869 1568 aliter

312 1598 503 1653 profert:
552 1593 669 1640 οἶνον
705 1595 859 1640 ἔπινον
898 1591 992 1638 άπὸ
1033 1600 1112 1653 τῆς
1142 1594 1331 1651 βαλάνου
1371 1600 1446 1653 τῆς
1484 1590 1579 1638 άπὸ
1618 1600 1695 1638 τοῦ
1733 1598 1870 1653 φοίνι-

312 1684 400 1719 κος.
464 1667 600 1721 Quod
633 1667 897 1722 exemplum
931 1680 1071 1722 quam
1091 1665 1366 1708 festinanter
1387 1664 1556 1708 Suidas
1578 1665 1871 1721 descripserit

314 1737 423 1780 inde
467 1744 674 1794 apparet,
722 1737 845 1793 quod
883 1751 977 1778 non
1017 1751 1041 1778 e
1079 1742 1301 1779 contextu
1348 1734 1582 1793 supplevit
1612 1735 1867 1791 ἐλάμβανον,

314 1809 395 1851 sed
426 1807 541 1850 illud
571 1811 732 1861 ἔπινον,
765 1821 904 1863 quam
932 1806 1172 1849 notionem
1193 1807 1294 1849 loco
1316 1807 1659 1862 Xenophonteo
1682 1805 1869 1862 quidem

311 1878 514 1921 alienam
536 1877 584 1920 in
601 1885 758 1921 mente
780 1885 1042 1933 promptam
1063 1877 1268 1920 habebat
1288 1878 1346 1919 ad
1368 1891 1530 1919 vocem
1552 1873 1682 1920 οἶνον.
1732 1879 1869 1920 Porro

314 1964 397 2005 pro
441 1951 487 1991 ἐκ
533 1953 605 2006 τῆς
647 1947 835 2003 βαλάνου
879 1950 1180 2006 πεποιημένον
1216 1947 1399 2004 parcius
1437 1946 1619 2003 scripsit
1658 1942 1754 1991 άπὸ
1794 1952 1870 2006 τῆς

314 2021 509 2074 βαλάνου.

458 2104 578 2144 Item
623 2101 809 2144 brevius
852 2100 1065 2144 exhibuit
1103 2116 1135 2143 s.
1169 2116 1210 2143 v.
1248 2099 1507 2157 καρβάσιναι
1544 2100 1870 2156 Xenophontis

316 2174 457 2216 verba
496 2175 571 2216 IV.
607 2176 642 2215 5.
682 2176 731 2214 14
770 2171 1025 2226 καρβάτιναι
1065 2171 1357 2229 πεποιημέναι
1394 2173 1439 2214 ἐκ
1478 2204 1486 2213 .
1523 2206 1532 2214 .
1567 2206 1573 2213 .
1613 2175 1740 2225 βοῶν,
1782 2171 1870 2214 hoc

315 2258 500 2300 quoque
532 2244 632 2286 loco
664 2245 950 2300 πεποιημέναι
981 2240 1365 2299 praetermittens.

460 2329 650 2369 Prorsus
688 2325 851 2368 leviter
889 2323 1118 2381 decerpsit
1155 2325 1308 2367 locum
1341 2326 1417 2368 IV.
1452 2328 1488 2367 3.
1526 2328 1571 2366 11
1616 2339 1646 2366 s.
1681 2340 1720 2366 v.
1759 2324 1872 2380 μάρ-

316 2414 498 2451 σιππος,
544 2411 680 2453 quem
719 2395 931 2452 plurimis
967 2394 1187 2438 membris
1226 2393 1396 2451 pressis
1435 2394 1500 2437 sic
1534 2394 1582 2437 in
1621 2395 1870 2438 armarium

319 2483 457 2511 suurn
500 2466 688 2524 recepit:
733 2463 846 2510 εἶδόν
888 2484 1002 2513 τινας
1045 2466 1090 2509 ἐν
1138 2468 1321 2519 πέτραις
1362 2467 1644 2521 μαρσίππους
1687 2464 1871 2520 ἱματίων

318 2541 693 2593 κατατιθεμένους.

462 2619 655 2663 Minime
692 2635 800 2663 vero
849 2619 1111 2676 putandum
1159 2625 1230 2661 est
1272 2632 1451 2674 semper
1496 2632 1681 2674 parcere
1719 2618 1871 2660 verbis

319 2690 527 2744 Suidam,
574 2690 654 2733 ubi
702 2690 801 2733 sine
845 2704 1009 2733 sensus
1056 2690 1226 2732 damno
1273 2688 1372 2731 fieri
1412 2687 1575 2745 possit:
1626 2688 1871 2732 Permultis

468 2836 498 2885 ¹)
532 2836 665 2878 Quam
697 2835 868 2884 glossam
899 2833 1127 2871 Dindorfius
1160 2835 1345 2883 neglexit.
