2188 3268
874 234 1166 272 -47—

246 383 419 431 typum.
489 374 593 427 Quo
641 380 846 428 tempore
893 370 1091 426 scriptus
1138 369 1198 413 sit
1236 369 1350 413 liber
1397 369 1473 412 ille
1517 367 1796 424 originarius

247 460 271 488 e
323 443 468 489 Suida
531 441 746 499 cognosci
804 440 982 497 nequit,
1045 441 1124 484 sed
1177 441 1421 483 edocemur
1482 437 1797 495 singularibus

247 513 539 572 grammatici
563 512 838 556 lectionibus
862 538 916 544 -
935 511 1162 568 plurimae
1184 519 1306 554 certe
1327 509 1592 568 deperditae
1615 516 1725 552 sunt
1742 533 1797 539 —

248 585 462 638 codicem,
485 582 685 641 quem-in
705 597 842 625 usum
860 581 1149 635 converterit,
1170 596 1425 638 permagno
1444 580 1535 622 iarn
1551 579 1797 622 intervallo

248 657 304 699 ab
328 657 576 711 archetypo
600 653 770 697 distare
802 654 1066 709 multosque
1098 652 1239 695 libros
1272 651 1392 694 inter
1424 658 1672 706 utrumque
1698 664 1798 692 esse

247 725 554 782 interpositos.

388 795 466 837 Sin
520 794 837 850 lexicographi
890 793 1005 836 liber
1056 793 1245 836 tertium
1297 792 1432 835 nobis
1484 798 1799 847 repraesentat

248 869 435 918 fontem,
480 865 717 922 archetypi
761 864 1041 921 proprietate
1085 863 1388 920 explicandus
1427 870 1497 906 est
1535 875 1798 913 consensus,

248 937 325 993 qui
374 936 736 993 deprehenditur
787 935 908 978 inter
954 934 1149 978 Suidam
1202 942 1248 977 et
1292 933 1505 976 meliores
1552 940 1634 975 aut
1680 931 1800 974 inter

249 1007 443 1052 Suidam
476 1015 522 1050 et
554 1006 802 1050 deteriores
835 1005 1163 1062 Xenophontis
1196 1005 1347 1057 libros,
1386 1005 1510 1046 unde
1542 1001 1799 1046 necessario

249 1077 456 1135 sequitur
517 1092 676 1120 omnes
737 1077 840 1119 illas
893 1076 1132 1123 lectiones,
1194 1090 1311 1131 quae
1374 1089 1642 1117 communes
1707 1072 1801 1115 sint

247 1148 515 1192 melioribus
555 1157 636 1191 aut
674 1147 978 1191 deterioribus
1018 1162 1123 1189 cum
1155 1145 1324 1188 Suidae
1363 1145 1624 1201 exemplari,
1662 1145 1800 1187 modo

249 1235 308 1262 ne
341 1219 465 1262 casui
506 1219 780 1262 tribuendus
818 1218 879 1261 sit
915 1218 991 1260 hic
1031 1232 1295 1266 consensus,
1338 1215 1430 1259 iam
1469 1215 1515 1258 in
1550 1216 1800 1270 archetypo

250 1298 332 1333 aut
370 1290 416 1332 in
458 1298 588 1333 textu
637 1298 718 1332 aut
763 1304 844 1346 pro
883 1288 1024 1332 variis
1071 1287 1347 1331 lectionibus
1395 1286 1615 1338 extitisse,
1662 1300 1801 1342 quam

251 1363 308 1403 ob
385 1376 479 1403 rem
554 1360 726 1416 dignae
800 1359 911 1412 sint,
986 1374 1100 1415 quas
1163 1357 1421 1401 accuratius
1489 1356 1799 1414 inspiciamus.

251 1434 415 1487 Neque
454 1439 609 1474 tamen
657 1430 867 1486 intellegi
907 1431 1013 1472 volo
1060 1428 1322 1485 scripturas,
1370 1442 1487 1484 quae
1533 1427 1580 1469 in
1621 1427 1802 1469 duobus

251 1502 391 1545 trium
429 1502 613 1544 illorum
657 1500 858 1544 fontium
890 1500 1024 1543 nobis
1063 1499 1249 1542 obviam
1290 1499 1420 1551 fiant,
1461 1497 1553 1540 iam
1591 1499 1649 1540 ob
1681 1497 1803 1540 hanc

252 1587 438 1615 causam
477 1588 558 1628 pro
591 1572 712 1615 veris
750 1571 990 1614 habendas
1028 1585 1141 1614 esse.
1204 1569 1393 1614 Etenim
1432 1567 1631 1624 exempli
1665 1582 1803 1610 causa

250 1642 350 1686 fieri
374 1642 538 1700 potuit,
571 1651 624 1685 ut
645 1641 888 1685 meliorum
922 1649 1082 1684 auctor
1115 1640 1371 1697 genuinam
1404 1639 1643 1695 archetypi
1667 1638 1803 1694 scrip-

252 1722 403 1757 turam
435 1722 557 1756 recte
591 1714 801 1766 traderet,
846 1719 1006 1755 contra
1038 1710 1318 1754 deteriorum
1352 1718 1398 1753 et
1429 1710 1602 1754 Suidae
1634 1708 1803 1752 codicis

252 1783 424 1827 librarii
448 1783 572 1826 illius
603 1783 690 1826 loci
716 1781 1080 1825 conformatione
1112 1781 1290 1824 seducti
1313 1781 1359 1823 in
1384 1782 1583 1823 eundem
1607 1794 1803 1823 errorem

252 1856 532 1897 laberentur:
567 1862 615 1897 at
636 1861 827 1910 apparet
859 1854 1055 1895 duorum
1089 1851 1278 1895 testium
1300 1851 1534 1904 lectiones,
1566 1851 1612 1893 in
1637 1850 1804 1907 quibus

253 1924 369 1968 nihil
394 1925 464 1979 sit,
488 1926 610 1981 quod
638 1924 735 1967 iure
757 1924 1162 1981 reprehendamus,
1195 1923 1242 1965 in
1267 1930 1398 1965 textu
1430 1922 1671 1979 ponendas
1694 1936 1802 1963 esse.

254 1999 417 2052 Itaque
463 1995 706 2039 meliorum
758 1994 980 2038 librorum
1027 1994 1249 2037 lectiones
1297 1993 1557 2049 singulares
1605 2007 1698 2034 non
1746 1993 1804 2034 ob

254 2066 439 2110 unicam
502 2081 687 2110 causam
749 2065 1018 2109 retinendae
1071 2073 1198 2112 sunt,
1261 2065 1382 2120 quod
1445 2062 1584 2106 huius
1648 2061 1805 2105 classis

256 2137 532 2181 auctoritate
563 2137 822 2187 firmantur,
855 2137 934 2179 sed
959 2150 1118 2178 omnes
1142 2150 1254 2191 quas
1278 2134 1446 2178 Suidas
1480 2142 1526 2176 et
1557 2132 1805 2176 deteriores

255 2215 486 2251 testantur
538 2207 759 2251 lectiones
819 2222 900 2263 pro
954 2205 1172 2262 genuinis
1234 2212 1345 2248 sunt
1395 2205 1654 2257 habendae,
1715 2203 1805 2246 nisi

255 2287 411 2335 aperte
461 2280 683 2321 mendum
746 2277 1064 2335 suppeditant:
1127 2276 1228 2318 illas
1280 2275 1482 2318 maxime
1534 2289 1651 2331 quae
1703 2288 1807 2317 con-

256 2357 458 2406 temptae
495 2349 649 2392 iacent
686 2348 935 2405 scripturas
975 2347 1255 2391 deteriorum
1293 2346 1527 2401 intellego,
1572 2360 1690 2402 quae
1727 2360 1808 2401 per

255 2435 303 2462 se
334 2419 578 2463 meliorum
610 2419 888 2462 lectionibus
919 2418 1111 2461 minime
1144 2425 1255 2460 sunt
1284 2417 1636 2473 postponendae
1668 2423 1807 2472 atque

257 2506 451 2546 quarum
489 2490 714 2546 plurimae
759 2491 816 2532 ab
855 2505 948 2532 uno
989 2491 1061 2532 vel
1102 2490 1245 2531 altero
1290 2487 1464 2531 editore
1502 2487 1805 2544 Xenophonti

257 2560 348 2603 iam
395 2560 601 2604 redditae
653 2568 772 2604 sunt.
852 2559 1047 2616 Excipio
1100 2574 1211 2602 sane
1258 2558 1495 2606 lectiones,
1549 2573 1662 2614 quas
1707 2572 1807 2600 esse

257 2632 396 2674 falsas
429 2646 567 2687 supra
599 2631 783 2688 agnovi.

399 2702 523 2756 Quid
561 2717 695 2758 porro
738 2703 972 2745 lucramur
1011 2716 1067 2744 ex
1104 2702 1192 2743 hoc
1231 2700 1367 2743 tertio
1411 2701 1540 2742 fonte
1578 2700 1636 2742 ad
1675 2699 1808 2742 aesti-

258 2773 452 2815 mandas
485 2772 587 2815 illas
609 2772 937 2828 Xenophontis
966 2771 1175 2815 codicum
1198 2770 1422 2814 familias?
1483 2769 1808 2827 Quadraginta

260 2850 437 2900 septem
489 2842 600 2886 locis
647 2843 815 2886 Suidas
867 2842 978 2886 facit
1030 2858 1135 2885 cum
1187 2841 1454 2885 melioribus
1504 2840 1650 2894 libris,
1703 2855 1808 2884 cum
