2188 3268
947 203 1237 241 —42—

314 346 458 397 Κῦρος
503 344 559 385 de
607 357 690 384 suo
733 340 950 398 praefixit
995 341 1207 397 exemplo
1246 347 1292 382 et
1330 355 1411 396 pro
1449 342 1620 391 τούτους
1657 346 1868 382 accurate

315 413 497 471 scripsit
533 414 630 464 τοὺς
669 414 854 458 δικαίους
892 438 946 442 -
984 413 1209 458 πλουσίους
1241 425 1422 467 quoque
1454 409 1602 454 obiter
1633 409 1869 466 scripsisse

316 482 673 539 grammaticum
705 497 787 540 pro
818 484 1161 539 πλουσιωτέρους
1191 480 1441 524 verisimile
1472 481 1666 524 videtur.

456 553 587 596 Aliae
619 568 728 596 vero
760 551 994 606 lectiones,
1027 567 1142 608 quas
1174 551 1435 608 singulares
1467 553 1656 608 praebet
1688 551 1868 604 Suidas,

314 624 561 668 manifesto
594 639 744 667 errore
766 624 839 666 vel
862 622 1041 666 incuria
1063 630 1190 665 ortae
1213 629 1335 671 sunt,
1358 637 1448 678 quo
1471 622 1517 664 in
1543 637 1713 678 genere
1736 629 1870 664 caute

314 696 549 750 agendum
587 702 668 748 est,
715 709 774 737 ne
820 709 902 750 pro
940 692 1138 736 librariis
1188 692 1471 749 castigemus
1519 692 1672 749 ipsum
1721 707 1870 748 gram-

313 765 548 819 maticum,
588 764 719 808 cuius
752 773 908 808 tamen
943 763 1192 807 temeritati
1227 763 1473 806 tribuenda
1505 763 1723 806 videntur
1756 762 1870 805 vitia

314 851 432 892 quae
464 843 740 892 sequuntur:

457 908 738 963 Exemplum
771 907 894 963 quod
927 913 998 949 est
1029 905 1075 948 in
1099 907 1245 948 Anab.
1281 908 1338 948 ΙΙ.
1377 910 1408 948 1.
1438 909 1487 948 18
1523 907 1545 947 ὁ
1579 906 1624 949 δὲ
1652 906 1871 960 Κλέαρχος

316 984 442 1020 ιαῦτα
478 980 656 1033 ὑπήγετο
687 979 945 1032 βουλόμενος
981 978 1051 1019 καὶ
1087 977 1213 1019 αὐτὸν
1251 977 1321 1018 τὸν
1352 978 1466 1030 παρὰ
1503 978 1712 1031 βασιλέως
1749 993 1869 1031 πρεσ-

312 1051 487 1102 βεύοντα
525 1050 831 1104 συμβουλεῦσαι
876 1049 934 1103 μὴ
973 1049 1238 1101 παραδοῦναι
1275 1048 1323 1089 τὰ
1363 1049 1470 1088 ὅπλα
1515 1047 1638 1102 apud
1677 1045 1870 1089 Suidam

313 1120 363 1175 (s.
388 1135 428 1162 v.
464 1122 630 1177 ὗπῆγεν)
663 1120 801 1175 plane
833 1119 1155 1176 perturbatum
1188 1117 1254 1160 ita
1286 1116 1474 1173 legitur:
1521 1119 1544 1158 ὁ
1579 1117 1624 1160 δὲ
1656 1118 1872 1172 Κλέαρχος

315 1192 434 1233 ταῦθ’
468 1192 600 1245 ὑπῆγε
637 1192 894 1245 βουλόμενος
924 1189 998 1232 καὶ
1031 1190 1157 1231 αὐτὸν
1192 1191 1263 1232 τὸν
1295 1190 1463 1244 βασιλέα
1495 1189 1734 1243 πρεσβεύειν
1771 1202 1873 1242 συμ-

312 1263 534 1315 βουλεῦσαι
555 1279 591 1303 κ.
615 1279 644 1303 τ.
668 1263 698 1303 λ.
754 1261 885 1315 Quae
908 1259 1141 1316 corruptio
1165 1259 1550 1315 lexicographum
1572 1257 1728 1314 potius
1751 1257 1873 1314 sapit

314 1331 588 1375 festinanter
634 1338 979 1388 percurrentem
1027 1331 1305 1387 exemplum,
1354 1345 1444 1386 quo
1493 1330 1724 1385 glossema
1771 1329 1874 1371 vult

313 1402 506 1457 munire,
539 1417 678 1459 quam
712 1401 950 1445 librarium
982 1401 1119 1444 aliam
1152 1417 1208 1444 ex
1238 1401 1328 1444 alia
1351 1400 1504 1444 littera
1527 1399 1871 1457 depingentem.

456 1476 565 1518 Uno
597 1474 698 1516 loco
728 1475 811 1516 ΙΙΙ.
836 1477 875 1517 4.
900 1476 954 1515 38
979 1479 1144 1528 sponte
1167 1479 1358 1530 apparet
1380 1470 1573 1515 Suidam
1597 1469 1870 1526 excerpendi

312 1559 506 1587 munere
552 1559 717 1600 parum
755 1544 1006 1600 diligenter
1043 1544 1316 1586 defunctum
1357 1557 1465 1584 esse.
1537 1542 1716 1586 Extant
1747 1540 1872 1583 enim

314 1616 437 1671 apud
475 1615 671 1659 Suidam
712 1620 759 1667 (S.
788 1631 828 1658 V.
863 1615 1091 1669 ἀκρῶνυξ);
1155 1610 1266 1657 Ἐπεὶ
1313 1615 1358 1655 δὲ
1404 1615 1518 1669 ἑώρα
1557 1615 1580 1653 ὁ
1618 1613 1874 1670 Χειρίσοφος

316 1688 729 1741 προκατειλημμένην
759 1687 832 1741 τὴν
863 1687 1131 1742 ἀκρωνυχίαν
1164 1679 1303 1738 ὅρους,
1339 1681 1413 1738 ὑφ’
1448 1687 1496 1738 ἣν
1527 1686 1548 1738 ἦ
1572 1681 1803 1738 κατάβασις
1824 1683 1874 1737 ἦν

314 1755 375 1808 εἰς
406 1759 452 1799 τὸ
482 1758 640 1810 πεόίονς
675 1764 835 1799 contra
867 1756 913 1798 in
947 1754 1152 1798 Anabasi
1177 1770 1294 1811 quae
1317 1755 1573 1797 succedunt
1596 1754 1873 1796 vocabulum

314 1830 576 1885 ἀκρωνυχίαν
596 1828 753 1883 paullo
786 1842 925 1883 supra
947 1828 1180 1883 leguntur.
1245 1825 1337 1880 Qui
1360 1827 1534 1868 factum
1558 1824 1618 1867 sit
1639 1825 1873 1876 mendum,

315 1898 460 1941 oculis
502 1897 746 1941 cernimus.
807 1898 976 1941 Suidas
1010 1896 1146 1951 enim,
1187 1912 1292 1940 cum
1325 1903 1564 1952 quaereret
1597 1896 1872 1951 exemplum,

315 1985 406 2025 quo
438 1968 691 2012 illustraret
723 1970 927 2025 glossam
951 1971 1230 2023 ἀκρωνυχίαν,
1264 1966 1433 2024 reperit
1456 1966 1570 2009 illud
1594 1965 1873 2021 ἀκρωνυχίαν,

315 2041 436 2096 quod
470 2048 540 2083 est
572 2039 619 2082 in
654 2045 677 2094 ς’
711 2043 776 2083 38.
839 2041 994 2096 Atque
1027 2046 1208 2082 textum
1241 2053 1346 2081 curn
1379 2037 1653 2094 perlegisset
1684 2036 1793 2079 inde
1815 2037 1873 2079 ab

315 2113 412 2154 ἐπεὶ
460 2111 507 2154 δὲ
554 2110 639 2168 (sic
687 2118 928 2154 exaratum
968 2117 1067 2153 erat
1104 2109 1151 2152 in
1192 2108 1444 2166 exemplari
1478 2108 1592 2164 eius)
1632 2122 1778 2164 usque
1816 2108 1872 2150 ad

316 2196 476 2224 vocem
509 2184 788 2238 ἀκρωνυχίαν,
821 2181 1041 2234 enotavit,
1074 2195 1165 2237 quo
1197 2181 1320 2223 facto
1352 2178 1589 2236 requirens
1620 2179 1709 2221 hoc
1731 2181 1867 2232 ἀκρω-

317 2255 464 2307 νυχίαν,
504 2260 557 2295 ut
595 2251 837 2308 sequentia
876 2250 1237 2304 transscriberet,
1281 2265 1432 2293 errore
1470 2248 1634 2292 incidit
1671 2249 1718 2291 in
1758 2248 1872 2291 illud

315 2325 593 2378 ἀκρωνυχίαν,
633 2324 755 2379 quod
788 2337 928 2378 supra
966 2327 1004 2377 (ς’
1037 2326 1091 2364 37
1125 2321 1224 2375 fin.)
1263 2328 1392 2364 extat
1429 2328 1568 2376 atque
1602 2334 1720 2376 quae
1752 2320 1874 2362 hanc

315 2408 476 2436 vocem
539 2401 800 2449 sequuntur
851 2392 1077 2437 exhibuit.
1160 2395 1335 2436 Verum
1397 2406 1534 2433 nemo
1588 2389 1874 2432 existimabit

317 2478 516 2506 errorem
545 2464 637 2507 iam
662 2463 960 2507 commissum
984 2462 1126 2506 fuisse
1157 2462 1204 2505 in
1229 2462 1401 2507 Suidae
1424 2461 1688 2517 exemplari.
1751 2463 1875 2502 Nam

316 2534 392 2590 qui
444 2541 594 2577 totum
635 2534 878 2591 descripsit
925 2542 1119 2588 textum,
1158 2533 1243 2577 etsi
1283 2532 1427 2576 oculis
1466 2531 1708 2584 aberravit,
1747 2531 1873 2573 haud

316 2604 560 2648 immemor
590 2604 756 2648 fuisset
787 2621 836 2648 se
866 2606 1006 2648 modo
1038 2604 1117 2647 illa
1150 2604 1423 2647 exaravisse.

457 2678 564 2718 Non
599 2675 711 2719 satis
743 2675 911 2719 deinde
944 2682 1138 2730 constat,
1170 2675 1307 2718 lectio
1330 2689 1470 2731 quam
1493 2674 1682 2732 praebet
1704 2672 1873 2717 Suidas

317 2761 346 2788 s.
378 2762 419 2789 v.
452 2748 776 2802 ἀντιποιηθέντα
822 2746 1030 2803 ipsiusne
1076 2745 1394 2802 lexicographi
1442 2743 1771 2801 neglegentiae
1818 2768 1873 2774 -

317 2832 410 2859 non
456 2816 622 2861 habuit
660 2833 740 2860 cur
778 2818 991 2861 consulto
1027 2824 1230 2860 mutaret
1269 2843 1323 2848 -—
1363 2832 1420 2859 an
1461 2830 1619 2859 eorum
1657 2813 1874 2866 incuriae,
