2188 3268
1037 171 1303 210 -6-

391 308 545 363 Symp.
580 309 639 363 gl.
680 311 712 361 1,
746 308 801 349 ad
843 309 953 363 Rep.
991 310 1093 354 Lae.
1129 310 1187 364 gl.
1227 311 1264 363 2,
1299 310 1355 352 ad
1401 310 1505 353 Qec,
1537 312 1595 366 gl.
1630 314 1662 363 1,
1709 311 1766 353 ad
1803 310 1945 368 Hipp.

391 380 450 433 gl.
485 381 522 431 3,
569 379 626 420 ad
674 376 800 420 Hier.
834 379 892 433 gl.
942 381 972 420 1.
1045 379 1183 422 Unde
1235 378 1366 422 vides
1408 387 1634 436 quantum
1676 381 1945 424 Anabaseos

391 455 605 504 excerpta
652 462 845 490 numero
893 456 1130 504 praestent
1172 449 1334 492 ceteris
1383 451 1709 506 Xenophontis
1751 451 1943 507 scriptis.

391 521 554 573 Neque
624 524 778 560 tamen
851 518 1078 575 aequabili
1142 519 1296 562 studio
1359 520 1625 577 peragravit
1675 523 1944 564 Anabaseos

391 588 601 644 singulos
652 586 812 631 libros:
882 588 1053 632 etenim
1106 605 1130 632 e
1182 590 1330 646 primo
1383 590 1497 634 libro
1551 591 1742 649 protulit
1795 607 1945 635 exem-

390 659 465 714 pla
498 660 565 711 26,
603 672 659 700 ex
697 659 840 702 altero
874 662 940 713 23,
980 675 1004 702 e
1034 660 1168 703 tertio
1198 663 1260 714 12,
1299 676 1323 703 e
1352 669 1516 717 quarto
1547 665 1612 715 64,
1655 677 1678 705 e
1714 661 1876 718 quinto
1907 666 1943 715 8,

390 743 414 770 e
447 735 578 771 sexto
609 731 645 782 6,
684 744 709 771 e
741 729 939 786 septimo
969 733 1004 773 2.
1070 731 1279 788 Excepto
1320 731 1465 788 igitur
1503 731 1617 775 libro
1657 741 1831 789 quarto,
1870 733 1942 775 cui

389 797 559 841 mirum
611 814 749 856 quam
803 800 995 844 navavit
1047 817 1234 858 operam
1290 802 1632 859 grammaticus,
1687 805 1743 846 ad
1801 803 1944 846 finem

390 870 546 913 labore
583 870 858 927 excerpendi
896 872 1048 928 magis
1087 872 1332 929 magisque
1372 872 1596 929 fatigatus
1636 882 1715 927 est,
1755 874 1944 917 ultimos

389 940 532 983 libros
564 941 658 984 fere
690 941 1074 997 praetermittens.

534 1011 690 1054 Tanta
722 1019 878 1055 autem
911 1021 1232 1070 excerptorum
1273 1014 1403 1069 copia
1437 1030 1460 1056 e
1494 1014 1608 1057 libro
1648 1023 1742 1058 tam
1775 1015 1943 1058 modici

391 1081 644 1124 voluminis
667 1083 834 1126 collata
862 1097 998 1126 nemo
1031 1082 1078 1125 in
1103 1083 1279 1127 incerto
1312 1084 1515 1138 habebit,
1548 1084 1659 1141 quin
1684 1085 1780 1128 suis
1802 1085 1948 1128 mani-

389 1154 476 1196 bus
530 1152 699 1196 Suidas
753 1153 979 1197 evolverit
1035 1153 1225 1211 ipseque
1275 1154 1554 1211 decerpserit
1602 1155 1649 1197 in
1705 1157 1947 1198 condendo

391 1225 609 1267 thesauro
647 1224 976 1281 Xenophontis
1015 1224 1252 1282 scriptum.
1317 1225 1576 1269 Audiamus
1615 1226 1725 1282 quid
1764 1227 1820 1269 de
1858 1227 1946 1269 hac

390 1309 437 1337 re
477 1293 649 1338 sentiat
688 1296 1025 1350 Bernhardyus.
1041 1297 1068 1353 ¹)
1138 1300 1267 1351 „Jam
1307 1298 1363 1339 de
1403 1295 1688 1353 principibus
1727 1296 1946 1353 antiquae

390 1364 612 1408 historiae
634 1380 727 1408 non
752 1365 1053 1423 indiligenter
1075 1366 1152 1410 ille
1174 1367 1393 1423 (Suidas),
1427 1382 1535 1410 cura
1558 1367 1784 1410 sermonis
1807 1382 1946 1424 quam

390 1435 608 1478 historiae
649 1436 822 1479 maiore
859 1444 1026 1491 motus,
1068 1439 1373 1492 Herodotum,
1415 1437 1752 1493 Thucydidem,
1794 1441 1949 1481 Xeno-

389 1507 615 1563 phontem
654 1507 888 1564 percurrit.
959 1510 1169 1564 Quorum
1209 1510 1502 1552 Herodotum
1541 1508 1627 1552 etsi
1666 1508 1762 1551 suis
1801 1508 1946 1552 oculis

390 1592 476 1620 nec
514 1584 698 1621 tantum
731 1593 756 1621 e
793 1578 981 1622 scholiis
1020 1587 1066 1622 et
1097 1579 1256 1623 lexicis
1295 1579 1534 1623 rhetoricis
1568 1579 1801 1636 cognovit,
1834 1579 1946 1622 item

391 1656 443 1690 ut
465 1648 803 1707 Thucydidem,
828 1651 951 1693 unde
972 1665 1146 1707 magna
1169 1650 1239 1694 vis
1262 1650 1664 1706 Thucydidiarum
1688 1652 1946 1707 glossarum

390 1719 540 1774 fluxit,
579 1721 720 1764 verba
759 1728 913 1764 tamen
954 1736 1091 1778 saepe
1129 1723 1438 1778 neglegenter
1477 1730 1522 1765 et
1554 1721 1821 1765 oblitterata
1854 1721 1947 1764 dia-

390 1792 510 1833 lecto
549 1791 783 1845 describit,
832 1794 1144 1849 Xenophontis
1190 1798 1340 1835 autem
1380 1794 1620 1835 Anabasz'n
1661 1794 1838 1846 dilexit,
1889 1794 1947 1836 ad

393 1861 726 1918 Cyropaediam
748 1862 905 1906 minus
923 1863 1135 1918 attendit,
1158 1863 1347 1920 reliquis
1372 1863 1499 1907 libris
1517 1863 1680 1907 leviter
1699 1865 1947 1906 defunctus

392 1936 497 1975 est.“
545 1934 684 1977 Unde
706 1933 829 1976 enim
855 1941 923 1977 tot
946 1935 1070 1977 locos
1087 1936 1455 1991 Xenophonteos
1479 1949 1660 1978 sumere
1682 1933 1835 1991 potuit
1857 1933 1947 1977 nisi

392 2017 448 2045 ex
496 2002 595 2060 ipso
643 2005 844 2060 quodam
892 2004 1047 2048 codice
1093 2006 1388 2049 Anabaseos?
1459 2007 1679 2062 Agnosco
1726 2004 1946 2047 nimirum

391 2075 618 2117 nonnulla
670 2075 865 2119 Suidam
917 2075 1105 2119 aliunde
1160 2077 1355 2120 fortasse
1407 2077 1453 2119 in
1508 2091 1644 2119 suum
1697 2075 1946 2119 armarium

392 2143 653 2200 digessisse,
701 2161 868 2203 nempe
908 2162 932 2189 e
971 2146 1209 2204 glossariis
1258 2155 1339 2190 aut
1387 2147 1546 2190 lexicis
1584 2146 1818 2190 veteribus
1866 2153 1947 2189 aut

392 2215 746 2271 commentariis,
769 2224 818 2260 at
840 2232 978 2274 quam
1000 2217 1136 2274 pauci
1159 2217 1254 2262 sint
1274 2218 1374 2271 loci,
1398 2218 1475 2274 qui
1499 2233 1557 2261 ex
1575 2217 1800 2261 eiusmodi
1819 2216 1946 2260 libris

393 2284 621 2342 originem
644 2287 873 2342 duxerint,
896 2289 1125 2343 docemur,
1148 2288 1186 2332 si
1209 2290 1361 2332 fontes
1384 2290 1536 2332 adhuc
1558 2287 1829 2345 superstites
1851 2302 1948 2343 per—

392 2356 639 2413 sequimur,
655 2373 679 2400 e
697 2357 864 2414 quibus
883 2360 1164 2402 collectanea
1181 2374 1265 2402 sua
1283 2359 1616 2416 grammaticus
1633 2357 1945 2416 locupletavit.

392 2429 459 2470 Ac
512 2426 712 2485 primum
765 2428 952 2485 quidem
1003 2428 1306 2487 inspiciamus
1361 2429 1513 2473 Photii
1566 2429 1765 2482 lexicon,
1823 2429 1944 2485 quod

391 2498 545 2555 ipsum
569 2507 651 2542 aut
672 2499 804 2542 cuius
830 2501 1006 2543 fontem
1017 2501 1047 2557 ²)
1081 2500 1442 2557 diligentissime
1475 2499 1744 2558 compilavit
1766 2499 1953 2544 Suidas..

542 2658 570 2705 ¹)
603 2658 646 2694 ln
679 2658 921 2695 Commentt.
953 2658 1003 2695 de
1034 2657 1185 2696 Suidae
1218 2659 1346 2696 lexico
1379 2672 1442 2708 pg.
1474 2658 1554 2695 LX.

539 2727 571 2776 2)
604 2730 636 2764 A
659 2729 779 2765 Suida
810 2742 888 2766 non
911 2729 1104 2773 Photium‚
1137 2729 1207 2766 sed
1239 2729 1390 2767 fontem
1415 2741 1504 2766 cum
1528 2729 1666 2766 Photio
1691 2741 1953 2766 communem

400 2787 638 2835 exscriptum
672 2799 759 2824 esse
793 2788 1066 2825 demonstrant
1096 2789 1135 2825 Ρ.
1167 2788 1332 2838 Roellig‚
1365 2801 1469 2837 quae
1502 2788 1600 2825 ratio
1630 2788 1731 2825 inter
1752 2788 1879 2825 Photii
1907 2792 1949 2824 et
