2188 3268
954 208 1244 247 ...1ss—

464 345 594 389 aliter
626 361 656 388 5.
692 362 730 387 v.
764 347 1005 400 ἕπιτήὸειοςῑ

463 418 515 460 Ὁ
553 418 596 458 ὁὲ
626 418 856 470 βακτηρίαν
888 418 1008 470 ἔχων,
1042 418 1084 458 εἴ
1106 433 1162 461 τις
1193 417 1304 473 αὐτῷ
1337 415 1484 471 δοκοίη
1519 418 1747 471 βλακεύειν.
1787 418 1870 459 ε’κλ.

321 507 351 530 τ.
392 490 450 530 ἕπ.
490 491 630 530 ἔπταιεν
668 488 730 529 ἄν.
795 488 900 528 Hoc
947 488 970 527 ὁ
1009 488 1054 529 δὲ
1090 488 1318 541 βακτηρίαν
1362 501 1386 528 6
1423 488 1539 529 Xen.
1578 487 1723 529 Anab.
1773 501 1872 529 esse

321 560 647 616 depromptum
691 556 866 612 liquido
911 564 1117 612 apparet3
1165 556 1369 612 itemque
1413 558 1563 599 elucet
1606 558 1870 613 exemplum

321 631 504 685 glossae
533 629 781 682 βλακεύεται
812 642 907 670 non
941 627 1134 670 fluxisse
1166 642 1200 670 e.
1222 643 1263 670 v.
1287 629 1533 682 ἕπιτήὸειοςῑ
1569 642 1718 684 neque
1747 627 1869 670 enim

320 716 359 742 v.
394 699 621 753 ἐπιτήδειος
654 698 794 740 habet
824 703 908 740 τῶν
938 699 1045 752 πρὸς
1075 704 1195 740 τοῦτο
1226 701 1496 755 τεταγμένων,
1535 713 1653 754 quae
1684 699 1873 754 praebet

321 770 380 825 gl.
413 770 668 823 βλακεύεται.

464 838 645 881 Deinde
668 840 996 895 fragmentum,
1029 840 1152 895 quod
1186 846 1421 896 comparet
1452 854 1483 881 5.
1508 855 1547 881 v.
1576 841 1870 894 -ὓποπέμψαιει

320 909 549 966 originem
581 925 673 952 non
709 909 844 952 duxit
875 925 900 952 e
931 924 1044 952 voce
1077 912 1223 963 ὀκνεῖν,
1257 910 1336 952 sed
1364 925 1420 952 ex
1443 909 1664 962 Anabasi3
1699 910 1868 952 etenim

320 982 470 1023 multo
493 980 680 1023 uberius
703 987 773 1023 est
794 981 1060 1036 exemplum
1082 979 1206 1022 illius
1225 981 1407 1036 glossae
1425 995 1564 1036 quam
1582 979 1708 1022 vocis
1725 983 1868 1023 ὀκνεῖν.

462 1052 594 1105 Quae
645 1050 845 1107 denique
897 1065 930 1093 s.
977 1067 1016 1093 v.
1071 1052 1230 1106 ἠλίθιος
1281 1058 1469 1094 exarata
1528 1058 1654 1093 sunt:
1720 1052 1775 1093 Τὸ
1825 1051 1872 1094 ὁὲ

320 1123 481 1165 ἁπλοῦν
524 1123 594 1164 καὶ
632 1123 790 1177 ἀληθὲς
834 1121 1040 1176 ἐνομίζετο
1085 1123 1196 1178 αὐτῷ
1238 1123 1402 1176 ἠλίθιον
1444 1123 1543 1163 εἶναι
1582 1120 1871 1164 Gaisfordius

320 1200 480 1235 monet
528 1207 627 1235 esse
674 1192 1003 1249 Xenophontis
1049 1193 1195 1235 Anab.
1241 1194 1298 1234 ΙΙ.
1339 1195 1374 1235 6.
1415 1195 1480 1245 22,
1534 1199 1693 1234 contra
1737 1206 1872 1248 quem

322 1264 668 1318 Bernhardyus:
716 1265 889 1319 „Fugit
918 1264 1049 1305 illum
1065 1265 1180 1318 fons
1202 1264 1409 1319 exempli,
1445 1264 1527 1319 qui
1546 1263 1798 1304 continetur
1812 1263 1873 1318 gl.

320 1337 525 1382 Me'voev‘z
569 1333 648 1389 ubi
688 1349 799 1377 sane
838 1335 999 1377 eadem
1037 1341 1291 1388 recurrunt,
1329 1333 1419 1376 nisi
1452 1334 1576 1390 quod
1608 1348 1690 1390 pro
1724 1335 1876 1388 ἀληθὲς

320 1405 494 1461 legitur
531 1407 577 1448 τὸ
610 1407 775 1460 ἀληθές.
839 1407 1005 1461 Neque
1049 1412 1205 1448 tamen
1245 1406 1537 1461 exploratum
1577 1405 1737 1453 habeo,
1785 1418 1875 1460 qua

322 1477 379 1519 de
417 1491 555 1519 causa
593 1477 716 1519 hanc
753 1476 1036 1519 sententiam
1075 1475 1412 1533 exprompserit
1454 1475 1525 1518 vir
1569 1474 1875 1526 doctissimus,

323 1561 432 1590 nam
456 1548 619 1589 eodem
640 1546 739 1590 iure
761 1554 965 1590 statuere
987 1546 1095 1590 licet
1116 1545 1374 1602 inspexisse
1401 1547 1443 1588 h.
1468 1547 1492 1589 1.
1517 1545 1874 1602 grammaticum

322 1617 476 1674 ipsum
495 1619 765 1661 Anabaseos
788 1619 1037 1674 exemplar.
1091 1620 1257 1674 Neque
1279 1617 1403 1660 enim
1426 1618 1548 1674 quod
1572 1618 1657 1660 sub
1681 1624 1876 1672 utraque

326 1690 482 1745 glossa
515 1691 676 1744 ἐνόμιζε
702 1691 748 1731 τό
780 1690 1086 1745 depravatum
1119 1696 1190 1731 est
1220 1688 1268 1730 in
1292 1690 1499 1743 ἒνο,ιιίζετο
1531 1688 1876 1730 demonstratur

322 1775 538 1803 manasse
570 1761 836 1816 exemplum
865 1761 1048 1816 glossae
1070 1762 1231 1815 ἠλίθιον
1253 1774 1310 1801 ex
1333 1758 1547 1802 inferiore
1569 1773 1682 1802 voce
1704 1759 1873 1800 ΒΙένων.

976 1948 1131 2003 Caput
1163 1949 1232 1992 ΙΙΙ.

468 2044 708 2085 Nonnulla
765 2042 966 2099 denique
1017 2043 1213 2085 dicenda
1270 2049 1381 2085 sunt
1432 2043 1489 2085 de
1540 2041 1735 2094 ratione,
1788 2055 1878 2097 qua

325 2128 438 2156 usus
485 2121 555 2156 est
601 2113 771 2158 Suidas
817 2113 864 2156 in
917 2114 1206 2170 excerpenda
1251 2112 1468 2156 Anabasi.
1543 2115 1708 2168 Neque
1754 2111 1877 2154 enim

325 2200 505 2241 semper
551 2193 765 2228 accurate
813 2184 1057 2241 exscripsit
1103 2199 1240 2240 quem
1287 2182 1502 2227 adhibuit
1549 2182 1878 2239 Xenophontis

327 2255 544 2309 codicem,
577 2256 657 2298 sed
689 2254 894 2298 mutavit
925 2257 997 2298 vel
1031 2254 1212 2298 addidit
1242 2256 1395 2309 verba,
1427 2262 1481 2297 ut
1512 2269 1576 2308 ea,
1610 2268 1727 2310 quae
1749 2260 1879 2296 extra

326 2326 536 2370 ordinem
583 2326 806 2369 orationis
853 2333 1056 2382 poneret,
1104 2327 1274 2368 faceret
1310 2325 1520 2382 planiora
1556 2326 1629 2368 vel
1668 2323 1878 2380 neglexit

328 2412 446 2454 quae
479 2398 535 2440 ad
569 2396 934 2453 intellegendam
968 2396 1249 2440 sententiam
1282 2395 1369 2439 sibi
1402 2395 1588 2438 inutilia
1620 2410 1720 2438 esse
1755 2393 1880 2438 vide-

327 2469 509 2522 bantur,
542 2476 595 2511 ut
626 2469 753 2510 haud
785 2467 1101 2524 infrequenter
1121 2468 1465 2524 Xenophontea
1486 2467 1636 2509 multo
1669 2464 1879 2508 breviora

328 2547 626 2595 compareant
672 2539 720 2582 in
765 2538 938 2583 Suidae
985 2538 1145 2592 lexico,
1192 2553 1332 2595 quam
1370 2537 1541 2594 scripta
1579 2536 1792 2580 videmus
1831 2535 1877 2578 in

327 2610 543 2653 Anabasi.
609 2612 832 2667 Persaepe
863 2609 911 2652 in
945 2609 1079 2653 initio
1107 2608 1306 2665 exempli
1329 2610 1470 2652 verba
1491 2607 1707 2651 licentius
1729 2606 1880 2660 finxit,

327 2695 422 2723 non
455 2696 556 2723 raro
578 2680 722 2723 finem
746 2679 1055 2724 conformavit
1074 2680 1278 2724 liberius.
1343 2679 1484 2722 Haud
1507 2677 1673 2721 inutile
1696 2677 1881 2721 videtur

329 2752 387 2794 ad
409 2758 532 2794 recte
553 2751 855 2795 iudicandum
877 2753 934 2794 de
955 2751 1129 2796 Suidae
1157 2750 1433 2794 lectionibus
1456 2751 1581 2792 hunc
1604 2747 1879 2805 excerpendi

330 2836 468 2864 usum
518 2822 742 2878 exemplis
789 2822 1030 2875 illustrare,
1078 2821 1246 2878 quibus
1294 2820 1496 2877 cognitis
1541 2819 1654 2863 alias
1697 2834 1880 2876 quoque
