2188 3268
950 524 1104 579 Caput
1137 525 1167 568 Ι.

424 616 751 674 Xenophontis
799 616 916 671 libri,
969 617 1047 674 qui
1093 616 1359 660 inscribitur
1391 617 1633 671 Anabasis,
1680 632 1832 660 recen-

280 688 426 733 sionis
463 689 822 731 fundamentum
855 687 968 731 satis
1007 703 1107 730 esse
1139 686 1387 741 infirmum,
1428 688 1640 744 quamvis
1671 688 1831 731 multis

282 759 342 802 sit
400 766 663 802 asservatus
722 757 974 812 codicibus,
1036 773 1172 801 nemo
1233 765 1303 801 est
1360 758 1437 814 qui
1487 757 1672 802 nesciat.
1751 760 1833 801 Co-

276 829 405 872 dices
428 829 563 884 enim,
586 844 782 886 quorum
805 828 990 886 plurimi
1015 836 1085 872 tot
1103 828 1285 872 mendis
1303 828 1622 885 erroribusque
1640 837 1830 883 scatent,

281 907 334 943 ut
355 899 434 943 vix
457 899 560 942 usui
594 915 693 942 esse
715 899 849 942 nobis
881 899 1071 956 possint,
1105 900 1162 942 ad
1186 900 1301 942 duos
1331 906 1514 942 tantum
1547 901 1698 943 fontes
1722 907 1832 943 sunt

281 970 540 1013 reducendi.
609 970 812 1022 Accedit,
859 971 979 1026 quod
1026 977 1177 1013 aetate
1215 977 1326 1013 sunt
1361 969 1681 1013 recentissimi:
1722 985 1829 1013 nam

280 1039 626 1084 vetustissimus
681 1041 796 1083 liber
849 1042 883 1083 C
949 1041 1131 1083 saeculo
1190 1042 1377 1083 demum
1437 1048 1600 1097 quarto
1653 1040 1830 1084 decimo

280 1119 497 1154 exaratus
530 1119 608 1154 est.
674 1112 805 1166 Quae
840 1126 944 1153 cum
977 1111 1042 1154 ita
1075 1126 1122 1154 se
1154 1112 1360 1154 habeant
1390 1111 1695 1168 prosperrime
1728 1127 1831 1155 con-

281 1181 437 1237 tingit,
485 1189 538 1224 ut
576 1181 622 1224 in
662 1181 835 1225 Suidae
874 1181 1020 1224 lexico
1068 1183 1298 1238 permulta
1344 1181 1478 1225 nobis
1517 1182 1612 1225 sint
1649 1190 1830 1226 servata

280 1253 543 1308 fragmenta
581 1253 924 1309 Xenophontea
963 1268 1018 1295 ex
1057 1252 1261 1295 Anabasi
1301 1254 1584 1310 deprompta,
1624 1268 1740 1309 quae
1779 1261 1832 1296 ut

279 1330 402 1366 recte
434 1322 738 1366 aestimentur
775 1338 962 1366 necesse
1001 1331 1071 1366 est
1108 1322 1396 1379 inquiramus
1429 1338 1657 1380 quaenam
1695 1323 1831 1366 inter-

279 1394 414 1436 cedat
436 1393 554 1436 ratio
576 1393 697 1437 inter
719 1401 934 1450 excerpta
950 1393 1176 1437 Suidiana
1198 1401 1244 1437 et
1266 1393 1445 1437 codices
1463 1395 1830 1451 Xenophonteos

276 1479 333 1506 >ac
379 1463 490 1520 quid
542 1463 632 1506 illis
679 1463 740 1506 sit
787 1464 1095 1507 tribuendum.
1175 1465 1327 1519 Quam
1373 1464 1693 1520 quaestionem
1745 1464 1830 1508 uti-

280 1533 504 1577 lissimam
552 1550 578 1577 a
615 1535 859 1577 nullodum
906 1534 1004 1577 viro
1050 1536 1185 1577 docto
1231 1534 1497 1578 incohatam
1544 1535 1698 1578 subire
1737 1535 1830 1578 Fri-

274 1604 459 1647 dericus
483 1604 688 1647 Blassius
721 1606 883 1648 acerba
914 1613 1062 1648 morte
1094 1620 1242 1663 nuper
1270 1607 1488 1662 abreptus
1509 1620 1584 1648 me
1605 1605 1829 1649 incitavit.

421 1674 645 1718 Omnium
684 1677 863 1718 solutae
896 1675 1117 1718 orationis
1156 1676 1443 1732 scriptorum,
1482 1691 1679 1732 quorum
1711 1678 1830 1734 frag-

273 1752 436 1788 menta
476 1753 718 1788 recurrunt
763 1745 811 1788 in
851 1746 1023 1790 Suidae
1068 1747 1296 1800 thesauro,
1343 1746 1655 1804 principatum
1703 1755 1830 1791 tenet

278 1815 608 1871 Xenophontis
654 1816 895 1866 Anabasis,
949 1825 1271 1874 excerptorum
1322 1832 1569 1860 numerum
1621 1818 1659 1860 si
1712 1833 1830 1861 com-

277 1901 496 1942 paramus
553 1901 657 1929 cum
720 1886 897 1930 ambitu
961 1887 1180 1943 opusculi.
1272 1889 1430 1931 Plures
1493 1888 1679 1944 quidem
1741 1889 1829 1932 loci

278 1955 482 1999 citantur
522 1972 578 1999 ex
619 1957 845 2000 Herodoti
893 1965 940 2001 et
979 1958 1155 2013 Polybii
1195 1957 1388 2015 scriptis,
1436 1985 1490 1990 -
1537 1959 1830 2015 reperiuntur

277 2027 403 2069 enim
443 2029 626 2083 glossae
663 2043 720 2070 ex
754 2029 993 2072 Herodoto
1032 2030 1305 2086 desumptae
1343 2030 1466 2085 apud
1505 2029 1699 2073 Suidam
1733 2033 1828 2081 281,

276 2113 303 2140 e
338 2098 527 2153 Polybio
562 2101 656 2151 651,
700 2125 754 2129 -
799 2100 879 2141 sed
911 2100 1078 2142 horum
1110 2101 1259 2143 multo
1290 2099 1437 2142 maior
1469 2108 1540 2143 est
1571 2100 1828 2157 amplitudo

277 2183 418 2224 quam
466 2170 746 2223 Anabaseos,
799 2184 855 2212 ex
903 2185 993 2226 qua
1045 2169 1214 2227 petitas
1258 2169 1470 2213 videmus
1513 2173 1692 2227 glossas
1734 2185 1826 2214 non

276 2238 433 2281 minus
472 2247 659 2283 centum
698 2240 1008 2296 quadraginta
1042 2241 1231 2297 unam1),
1270 2256 1387 2298 quae
1420 2249 1530 2284 sunt
1562 2242 1703 2298 duplo
1736 2243 1828 2285 fere

277 2311 449 2366 plures,
502 2326 640 2367 quam
700 2327 724 2354 e
783 2311 944 2355 ceteris
997 2311 1213 2355 omnibus
1265 2312 1593 2368 Xenophontis
1645 2312 1828 2370 scriptis

278 2380 637 2437 lexicographus
676 2381 901 2435 laudavit,
940 2382 1110 2440 quippe
1147 2398 1265 2439 quae
1297 2383 1592 2440 septuaginta
1624 2383 1828 2440 quinque

277 2451 390 2494 locis
412 2451 718 2508 respiciantur
739 2453 785 2495 in
811 2453 1038 2510 excerptis
1060 2453 1309 2498 Suidianis.
1351 2453 1590 2497 Pertinent
1611 2455 1668 2497 ad
1693 2455 1828 2509 Cyro-

278 2522 491 2577 paediam
525 2525 708 2579 glossae
741 2527 807 2577 54,
841 2525 898 2567 ad
923 2523 1166 2567 Hellenica
1200 2526 1258 2581 gl.
1293 2529 1330 2578 7,
1363 2526 1421 2567 ad
1456 2527 1589 2568 Mem.
1614 2526 1675 2581 gl.
1700 2528 1736 2578 6,
1769 2526 1825 2568 ad

421 2640 455 2696 ¹)
488 2644 531 2681 In
563 2645 694 2682 indice
722 2645 962 2695 Bernhardyi
1002 2646 1173 2683 omissae
1212 2651 1301 2683 sunt
1336 2648 1491 2695 glossae
1530 2647 1625 2683 hae:
1677 2646 1706 2682 Ι.
1729 2647 1766 2684 4.
1794 2646 1827 2684 1.

279 2714 312 2739 v.
352 2699 504 2752 Φάρος,
547 2703 577 2745 Ι,
606 2704 644 2742 4.
667 2703 705 2742 9.
726 2717 759 2742 ν.
792 2701 946 2750 Χάλος,
990 2705 1020 2742 Ι.
1048 2704 1086 2743 8.
1109 2704 1146 2743 3.
1168 2718 1199 2743 ν.
1231 2703 1374 2754 παλτά,
1416 2705 1444 2741 Ι.
1473 2703 1511 2743 8.
1535 2704 1572 2743 9.
1594 2718 1626 2743 v.
1659 2704 1827 2759 γέῤῥοιν,

278 2760 308 2796 1.
331 2759 369 2798 9.
396 2760 459 2799 16.
481 2774 512 2799 ν.
547 2760 646 2814 περὶ
665 2761 829 2808 παντός,
861 2763 928 2800 IV.
951 2763 988 2801 2.
1011 2763 1049 2802 2.
1070 2777 1103 2801 v.
1135 2762 1392 2814 προσέχοιεν,
1424 2764 1491 2800 IV.
1514 2763 1552 2802 2.
1579 2764 1642 2803 17.
1663 2778 1697 2800 v.
1725 2763 1829 2803 ἀπε-

278 2816 480 2870 κόπησαν,
514 2820 578 2859 IV.
603 2820 641 2859 5.
668 2821 731 2860 13.
753 2835 787 2858 v.
818 2820 932 2872 χιών,
965 2822 1031 2859 IV.
1055 2821 1092 2860 5.
1116 2821 1182 2860 25.
1204 2835 1237 2858 v.
1270 2820 1473 2873 κλίμακες.
