2188 3268
937 218 1230 256 -20-

305 357 416 400 locis
463 358 603 399 verba
649 354 842 411 protulit
889 354 1084 411 integra,
1133 355 1218 399 etsi
1257 358 1314 399 ad
1357 360 1613 401 ornandam
1653 360 1858 415 glossam

303 428 463 470 multis
496 441 646 469 carere
677 425 840 481 potuit.

447 498 729 553 Frequenter
766 495 936 539 Suidas
979 495 1167 539 initium
1212 497 1411 554 exempli
1457 498 1645 542 liberius
1685 501 1860 542 confor-

302 568 459 621 mavit,
493 575 631 623 atque
654 567 953 609 observamus
974 566 1172 610 libenter
1193 582 1300 610 eum
1332 569 1594 625 fragmenta
1616 569 1861 613 instituere

304 638 454 681 verbis
495 636 535 681 οὶ
575 638 621 681 δὲ
658 638 731 680 vel
767 631 789 680 ὁ
822 639 878 691 δέ,
912 636 1043 680 cuius
1082 653 1194 680 usus
1226 639 1353 681 haud
1385 654 1533 695 pauca
1565 640 1859 697 reperiuntur

304 709 524 764 exempla,
557 709 687 751 velut

444 781 477 822 Ι.
519 782 554 821 5.
595 782 619 821 8
658 781 777 821 Xen.
810 780 956 822 Anab.
997 777 1191 823 ἐκέλευσε
1229 781 1330 832 τοὺς
1368 782 1467 837 περὶ
1506 798 1542 824 κ.
1576 799 1605 824 τ.
1639 783 1691 835 λ.;
1730 781 1861 825 Suid.

303 852 348 905 (s.
373 866 412 893 v.
448 849 816 906 συνεπισπεῦσαι)
850 844 872 892 ὁ
905 850 953 893 δὲ
985 851 1149 893 ἐκέλευε
1179 868 1216 892 κ.
1238 868 1275 893 τ.
1297 852 1329 893 λ.

443 922 526 962 111.
551 923 586 962 5.
617 923 667 963 18
700 922 816 962 Xen.
849 921 995 963 Anah.
1030 920 1109 963 ἐπὶ
1130 923 1302 973 τούτοις
1323 923 1540 965 ἐθύσαντο
1562 939 1597 965 κ.
1620 940 1650 964 τ.
1673 925 1707 966 λ.
1731 922 1859 967 Suid.

303 995 348 1048 (s.
372 1007 412 1034 v.
447 985 650 1046 ὁπηνίκα)
683 989 721 1034 οἳ
757 991 803 1034 δὲ
835 989 1048 1034 ἐθύσαντο
1080 1008 1117 1034 κ.
1138 1009 1170 1034 τ.
1194 993 1228 1034 λ.

444 1064 520 1106 IV.
549 1065 580 1104 1.
601 1065 625 1103 5
643 1063 759 1104 Xen.
778 1062 924 1104 Anab.
945 1055 1031 1104 ἇπὸ
1048 1064 1388 1120 παραγγέλσεως
1409 1065 1683 1119 πορευόμενοι
1699 1082 1738 1107 κ.
1753 1081 1790 1106 τ.
1806 1066 1860 1118 λ.;

302 1132 430 1176 Suid.
472 1133 518 1188 (s.
548 1148 589 1175 v.
623 1128 707 1175 ἀπὸ
739 1135 1083 1190 παραγγέλσεως)
1115 1135 1154 1176 οἶ
1185 1133 1233 1176 de*
1266 1129 1360 1176 ἂπό
1392 1150 1544 1191 παραγ.
1576 1150 1668 1191 πορ.
1701 1152 1738 1178 κ.
1762 1152 1798 1178 τ.
1822 1153 1859 1178 κ.

444 1206 521 1247 IV.
560 1207 591 1246 1.
627 1206 651 1245 6
684 1205 801 1246 Xen.
824 1204 970 1246 Anab.
1004 1205 1107 1246 ἔνθα
1140 1201 1190 1261 δή
1215 1206 1477 1263 Χειρίσοφος
1498 1221 1532 1247 κ.
1556 1222 1590 1247 τ.
1613 1206 1668 1259 λ.;
1692 1204 1862 1250 Suidas

304 1277 350 1330 (s.
374 1291 413 1317 v.
448 1274 669 1332 γυμνῖται)
704 1267 726 1317 ὃ
757 1276 802 1317 δὲ
833 1276 1089 1333 Χειρίσοφος
1120 1292 1154 1317 κ.
1177 1292 1211 1318 τ.
1234 1276 1266 1316 λ.

449 1347 526 1389 IV.
560 1349 596 1387 4.
625 1347 676 1387 16
699 1347 815 1387 Xen.
838 1345 988 1388 Anab.
1014 1337 1152 1400 ἄνδρα
1176 1345 1223 1389 δὲ
1245 1342 1463 1400 συλλαβών
1490 1363 1523 1388 7..
1547 1363 1581 1388 τ.
1605 1347 1659 1399 12,-
1691 1345 1866 1389 Suidasr

302 1422 354 1471 (s.
378 1433 418 1459 v.
454 1415 651 1474 σάγαρις)
686 1409 708 1459 ὁ
742 1416 789 1459 δὲ
822 1417 957 1472 ἄνδρα
989 1413 1212 1471 συλλαβών
1243 1434 1278 1459 κ.
1297 1433 1335 1459 τ.
1355 1418 1388 1459 λ.

446 1487 573 1529 Huic
603 1486 922 1543 lexicographi
956 1486 1283 1530 consuetudini
1313 1486 1470 1543 potius
1502 1486 1861 1542 vindicabimus,

304 1560 426 1615 quod
459 1573 490 1601 s.
514 1574 557 1601 v.
590 1555 733 1601 παλτὰ
764 1573 858 1600 non
892 1573 918 1600 a
942 1563 1088 1612 Κῦρος
1118 1575 1166 1601 τε
1188 1557 1364 1614 incipit,
1398 1566 1452 1601 ut
1473 1557 1647 1614 legitur
1668 1557 1715 1600 in
1739 1559 1862 1601 Ana-

302 1629 402 1673 basi
442 1631 474 1672 1.
505 1633 541 1672 8.
572 1632 609 1682 3,
647 1629 727 1671 sed
764 1628 918 1672 verbis
958 1623 980 1672 ὁ
1022 1630 1067 1671 δὲ
1099 1633 1242 1682 Κῐρος
1284 1628 1540 1671 introducit
1581 1630 1859 1685 exemplum,

303 1715 443 1756 quam
480 1707 534 1742 ut
570 1698 618 1742 in
652 1699 780 1754 libro,
819 1715 958 1756 quem
997 1699 1228 1743 convertit
1266 1699 1313 1742 in
1347 1714 1498 1753 usum,
1535 1700 1651 1742 haec
1690 1699 1863 1756 scripta

304 1769 447 1813 fuisse
478 1769 748 1813 iudicemus.
1019 1794 1046 1821 „a

446 1844 687 1885 Praeterea
733 1840 1065 1897 lexicographo
1111 1840 1159 1883 in
1211 1855 1299 1883 usu
1339 1847 1410 1883 est
1449 1839 1636 1883 initium
1674 1839 1861 1896 quidem

305 1912 504 1968 exempli
544 1911 815 1955 summatim
853 1913 1028 1966 afferre,
1067 1937 1122 1942 ——
1160 1911 1312 1955 voluit
1348 1910 1474 1954 enim
1514 1919 1722 1954 tenorem
1761 1926 1862 1954 sen-

306 1983 481 2027 tentiae
520 1983 681 2040 gnaris
719 1990 1042 2039 excerptorum
1080 1982 1332 2026 lectoribus
1369 1981 1574 2026 breviter
1610 1980 1658 2024 in
1691 1996 1862 2025 memo·

303 2054 421 2097 riam
459 2069 675 2098 revocare
713 2081 779 2108 —‚
818 2069 937 2111 quae
974 2068 1084 2097 vero
1123 2052 1342 2111 deinceps
1381 2054 1638 2096 succedunt
1675 2051 1862 2109 integra

303 2125 351 2168 in
387 2140 504 2182 opus
537 2140 674 2168 suum
707 2133 1030 2168 transsumere.

447 2199 521 2239 Ita
554 2196 812 2239 orationem
854 2195 902 2238 in
935 2196 1083 2238 Anab.
1108 2197 1160 2239 V.
1192 2198 1227 2238 5.
1260 2199 1283 2237 7
1323 2210 1404 2251 per
1441 2202 1663 2251 quattuor
1700 2210 1862 2239 versus

306 2266 629 2311 continuatam
667 2267 714 2309 in
753 2266 888 2310 initio
921 2265 1123 2322 exempli
1161 2265 1208 2308 in
1242 2267 1364 2308 hanc
1396 2265 1674 2309 brevitatem
1707 2265 1867 2322 coegit

307 2339 353 2394 (s.
406 2354 446 2381 v.
498 2337 767 2395 προηγόρει);
824 2338 960 2381 ῖΗκον
1010 2337 1211 2393 πρέσβεις
1273 2339 1318 2379 ἕν.
1371 2335 1573 2394 Σινώπης
1635 2334 1708 2380 διὰ
1760 2333 1862 2388 τοῦς

305 2410 579 2465 Κοτυωρίτας
630 2407 693 2460 εἷς
743 2410 845 2460 τούς
882 2409 1112 2466 “Ἐλληνας;
1141 2406 1275 2449 .hinc
1328 2406 1620 2461 sententiam,
1674 2406 1719 2449 in
1769 2422 1860 2463 qua

307 2479 505 2523 occurrit
535 2478 615 2522 illa
648 2480 804 2535 glossa
837 2477 1091 2537 προηγόρει,
1125 2479 1181 2520 ad
1215 2478 1409 2520 verbum
1442 2477 1660 2520 laudavit.

449 2551 666 2595 Eundem
713 2565 850 2593 usum
902 2549 1079 2591 indicat
1131 2549 1396 2604 exemplum
1449 2549 1572 2604 quod
1625 2555 1863 2604 comparet

308 2636 338 2664 s.
357 2638 397 2665 v.
416 2621 519 2676 χιών
540 2622 757 2679 quodque
774 2620 1011 2664 exorditur
1027 2619 1196 2665 Suidas
1218 2619 1291 2662 his
1308 2618 1478 2662 verbis:
1511 2620 1669 2662 πολλοὶ
1693 2619 1739 2663 δὲ
1760 2619 1862 2671 τοὺς

309 2686 567 2751 ὀφθαλμοὺς
602 2690 686 2736 ὑπὸ
724 2699 802 2748 τῆς
841 2691 990 2747 χιόνος
1028 2689 1338 2750 διεφθάρησαν
1375 2692 1445 2733 καὶ
1484 2687 1585 2741 τοῦς
1623 2690 1864 2741 δακτύλους

307 2768 396 2806 τῶν
447 2765 601 2807 ποὸῶν
652 2766 804 2821 ἕτεροι;
867 2762 957 2806 alia
1018 2762 1142 2805 enim
1197 2762 1421 2818 leguntur
1481 2760 1527 2803 in
1581 2761 1727 2803 Anab.
1781 2762 1860 2804 IV.

310 2837 345 2876 5.
381 2837 453 2876 12:
493 2833 708 2878 ἐλείποντο
748 2835 795 2878 δὲ
832 2841 917 2878 τῶν
955 2836 1231 2891 στρατιωτῶν
1269 2835 1383 2876 οἵτε
1417 2832 1736 2890 διεφθαρμένοι
1767 2825 1863 2875 ὗπό
