2188 3268
955 250 1244 289 —21-

315 390 398 445 τῆς
433 385 578 442 χιόνος
612 387 714 438 τοὺς
753 381 1008 445 ὀφθαλμοὺς
1045 390 1092 431 οἵ
1123 404 1165 431 τε
1196 386 1279 431 ὑπὸ
1311 393 1387 431 τοῦ
1430 390 1598 443 ψύχους
1637 387 1733 438 τοὺς
1766 389 1869 430 δακ-

318 459 471 509 τύλους
506 460 592 500 τῶν
628 458 784 500 ποδῶν
821 451 1157 512 ἇποσεσηπότεςς
1197 457 1443 501 continuos
1475 464 1632 500 autern
1663 456 1867 513 quinque

318 543 481 571 versus
529 534 744 570 accurate
781 527 1042 584 exscripsit,
1090 535 1143 571 ut
1182 536 1293 571 sunt
1330 529 1454 584 apud
1493 528 1865 583 Xenophontem.

459 600 567 641 Non
600 598 940 654 Xenophontis,
979 599 1059 641 sed
1098 598 1194 641 suis
1226 598 1371 655 ipsius
1404 598 1556 642 verbis
1589 596 1867 641 conditionis

318 668 469 712 reddit
505 667 733 711 rationem
773 671 830 711 ΙΙ.
861 672 896 711 2.
928 672 951 711 8
982 684 1013 712 s.
1043 685 1082 712 v.
1116 668 1321 728 συνθήκη,
1366 684 1503 725 quem
1540 670 1693 712 locum
1725 667 1869 724 elegit

317 738 486 782 Suidas
518 740 576 782 ad
598 739 927 782 illustrandum
955 740 1117 782 foedus
1139 741 1345 782 solemne
1367 754 1419 782 ac
1441 739 1526 782 rite
1549 739 1866 795 compositum.

318 809 579 852 Introducit
610 809 734 852 enim
767 811 1031 866 exemplum
1055 809 1205 853 verbis
1239 812 1278 853 οἱ
1310 811 1354 852 δὲ
1385 806 1460 853 σὸν
1484 809 1610 867 Κύρῳ
1633 804 1869 864 ἀναβάντες

306 875 502 935 (Έλληνες
522 877 640 937 πρὲς
663 881 841 938 Πέρσας
872 879 1088 938 συνθήκας
1110 882 1267 934 ἔθεντο,
1301 895 1419 936 quae
1447 896 1539 923 non
1563 880 1869 923 inveniuntur

317 952 441 1006 apud
462 952 844 1007 Xenophontem3
877 966 1027 1007 neque
1060 951 1174 993 illud
1196 950 1401 1010 συνθήκη,
1435 952 1556 1007 quod
1580 950 1626 993 in
1650 951 1868 994 lemmate

316 1021 484 1077 posuit,
516 1021 689 1065 ibidem
721 1021 902 1077 legitur.

460 1093 702 1135 Interdum
735 1094 792 1135 ad
824 1092 968 1135 finem
1001 1091 1300 1135 festinantius
1333 1091 1577 1148 decerpsit:
1617 1094 1688 1134 Ita
1717 1094 1869 1134 Xeno-

316 1163 510 1220 phontis
549 1163 636 1206 loci
677 1166 753 1207 IV.
784 1167 820 1206 5.
852 1166 906 1206 36
945 1199 952 1206 .
986 1198 993 1205 .
1028 1198 1034 1205 .
1071 1162 1264 1207 διδάσκει
1305 1157 1327 1206 ὖ
1364 1161 1599 1218 κωμάρχης
1630 1162 1736 1219 περὶ
1769 1164 1868 1214 τοὺς

318 1232 465 1285 πόδας
496 1269 503 1276 .
539 1269 547 1278 .
583 1269 590 1276 .
624 1236 752 1277 σακία
785 1235 1013 1288 περιειλεῖν
1044 1269 1052 1276 .
1086 1268 1093 1275 .
1128 1268 1135 1275 .
1168 1268 1177 1286 ,
1214 1226 1312 1276 ἄνευ
1343 1229 1426 1290 γὰρ
1448 1237 1535 1276 τῶν
1558 1232 1723 1276 σακίων
1745 1250 1868 1276 κατε-

315 1306 469 1348 δύοντο
501 1305 625 1362 μέχρι
654 1309 732 1361 τῆς
762 1303 945 1361 γαστρός
976 1304 1175 1360 priorem
1206 1311 1386 1360 partem
1409 1303 1572 1346 iisdem
1596 1302 1747 1346 verbis
1770 1317 1869 1359 pro-

316 1376 406 1417 fert
423 1390 476 1418 ac
493 1382 604 1417 sunt
625 1375 672 1417 in
694 1374 911 1429 Anabasi,
935 1390 1053 1431 quae
1070 1390 1179 1417 vero
1201 1375 1416 1418 voculam
1440 1368 1541 1417 ἒὶνευ
1559 1373 1869 1430 insequuntur

317 1445 551 1488 contraxit
582 1445 629 1488 in
665 1443 737 1489 διὰ
769 1442 815 1489 τὸ
847 1442 906 1504 μὴ
940 1444 1253 1489 καταδύεσθαι.

457 1515 634 1560 Similis
667 1523 737 1559 est
769 1516 954 1572 generis
986 1518 1064 1560 IV.
1089 1520 1124 1558 8.
1150 1519 1216 1569 20,
1249 1530 1387 1572 quem
1419 1517 1572 1558 locum
1599 1514 1725 1559 Suid.
1750 1516 1796 1571 (s.
1826 1531 1866 1558 v.

312 1585 474 1645 σμήνη)
513 1585 578 1629 ita
615 1586 806 1641 rettulit,
845 1594 899 1629 ut
942 1588 1154 1642 exemplo
1192 1586 1509 1642 praemitteret
1546 1584 1868 1641 explicationis

317 1672 457 1700 causa
502 1660 557 1704 εἷς
589 1659 779 1712 Κόλχους
817 1659 1082 1713 ἐμβαλόντες,
1121 1664 1213 1700 tres
1248 1655 1415 1699 deinde
1453 1671 1613 1699 versus
1651 1656 1707 1698 ab
1747 1657 1869 1698 οὐδὲν

314 1742 464 1783 usque
502 1729 560 1770 ad
596 1729 665 1771 καὶ
701 1731 840 1783 ἤμουν
877 1728 1095 1770 omnibus
1141 1727 1368 1783 expressit
1405 1727 1569 1780 verbis,
1614 1725 1868 1769 novissima

317 1806 475 1841 autem
513 1813 607 1841 non
647 1799 807 1842 lectori
846 1797 936 1841 nisi
976 1797 1180 1841 breviter
1217 1797 1489 1854 explanavit
1526 1796 1751 1840 scribens:
1799 1799 1869 1839 καὶ

317 1871 478 1913 ἔκειντο
492 1871 649 1912 πολλοὶ
665 1871 736 1911 καὶ
751 1875 804 1924 τῇ
818 1871 1010 1923 ὑστεραίᾳ
1025 1871 1238 1912 ἀνίσταντο
1257 1871 1414 1924 ὥσπερ
1432 1871 1478 1910 ἐκ
1492 1870 1867 1922 φαρμακοποσίας.

460 1941 775 1985 Luculentum
797 1939 1029 1996 specimen
1058 1938 1313 1982 industriae
1333 1939 1524 1994 praebet
1544 1954 1584 1981 v.
1607 1940 1868 1993 ἀλεξόμενον,

317 2009 398 2052 ubi
444 2025 562 2066 quae
604 2009 774 2066 scripta
818 2017 928 2053 sunt
967 2009 1015 2052 in
1060 2012 1176 2052 Xen.
1209 2010 1356 2052 Anab.
1399 2012 1432 2052 Ι.
1467 2012 1502 2052 9.
1541 2013 1586 2051 11
1635 2011 1705 2051 καὶ
1745 2010 1870 2064 εὐχὴν

317 2081 367 2124 δέ
403 2099 508 2128 τινες
546 2083 672 2123 αὐτοῦ
711 2081 910 2135 ἐξέφερον
948 2083 1009 2127 ὡς
1046 2083 1208 2135 εὔχοιτο
1244 2086 1445 2124 τοσοῦτον
1481 2081 1634 2136 χρόνον
1672 2081 1745 2134 ξῆν
1783 2082 1869 2122 ἔστε

314 2150 444 2209 νικῴη
483 2169 520 2195 κ.
549 2170 580 2193 τ.
608 2153 640 2193 λ.
683 2150 1033 2194 transformavit
1078 2150 1125 2193 in
1168 2154 1307 2206 εὔχετο
1351 2152 1395 2193 δὲ
1433 2152 1456 2193 ὁ
1493 2151 1638 2204 Κῦρος
1673 2156 1869 2193 τοσοῦτον

316 2224 498 2277 ὗπερζῆν
529 2225 617 2265 ἔστε
648 2223 779 2277 νικῴη
812 2240 849 2264 κ.
876 2240 906 2264 τ.
935 2224 967 2263 λ.
1030 2221 1315 2265 Nuntiatum
1346 2223 1414 2264 καὶ
1444 2223 1570 2276 εὐχὴν
1611 2247 1665 2251 -
1709 2223 1867 2275 εὔχοιτο

316 2292 459 2335 libere
481 2293 743 2336 decurtavit
769 2293 817 2335 in
849 2295 988 2347 εὔχετο
1013 2294 1068 2346 δέ,
1102 2293 1158 2335 de
1180 2307 1264 2335 suo
1287 2292 1466 2344 deinde,
1498 2299 1551 2334 ut
1573 2292 1700 2345 solet,
1732 2290 1870 2334 inter-

316 2362 473 2419 posuit
510 2378 679 2406 nomen
720 2363 836 2418 Cyri,
881 2362 1081 2420 denique
1123 2378 1147 2406 e
1185 2363 1337 2406 verbis
1374 2368 1571 2406 τοσοῦτον
1607 2364 1758 2417 χρόνον
1795 2364 1869 2416 ζῆν

316 2433 426 2477 fecit
456 2440 657 2477 τοσοῦτον
688 2437 880 2489 ὓπερζῆν.

458 2505 750 2549 Vocabulum
773 2504 1084 2560 Byzantinum
1123 2504 1330 2560 genuino
1362 2503 1654 2547 substititum
1685 2501 1868 2545 invenis

313 2575 442 2632 apud
493 2575 687 2619 Suidam
740 2591 772 2618 s.
820 2591 863 2619 v.
918 2577 1098 2630 δασμός,
1157 2589 1248 2631 quo
1300 2576 1399 2618 loco
1456 2589 1538 2630 pro
1590 2575 1869 2617 ἑπτακαίδεκα

316 2646 646 2701 Xenophontis
678 2648 756 2690 IV.
791 2649 827 2689 5.
862 2649 915 2688 24
949 2652 1191 2688 exaratum
1223 2652 1293 2688 est
1327 2647 1539 2687 δεκαεπτά.

462 2718 652 2759 Prorsus
669 2723 905 2759 mutatum
927 2724 1067 2772 atque
1084 2717 1393 2758 deformatum
1415 2714 1587 2771 legitur
1603 2716 1869 2771 exemplum

315 2785 445 2828 vocis
467 2788 640 2841 γε’ῤῥοιν.
702 2787 1047 2844 Xenophontea
1079 2786 1204 2829 enim
1237 2789 1268 2829 Ι.
1293 2790 1328 2828 8.
1353 2789 1378 2828 9
1411 2788 1603 2841 ἐχόμενοι
1635 2787 1681 2829 δὲ
1712 2788 1870 2829 τούτων

313 2858 586 2911 γεῤῥοφόροι,
631 2858 820 2911 ἐχόμενοι
863 2859 907 2899 δὲ
939 2859 1094 2899 ὁπλῖται
1138 2858 1211 2899 σὺν
1253 2858 1452 2912 ποδήρεσι
1489 2858 1666 2905 ξυλίναις
1709 2858 1870 2899 ἀσπίσιν
