2188 3268
1006 171 1267 208 —S-

360 308 560 350 affertur.
623 308 694 348 Ad
737 307 1100 362 Xenophontem
1147 307 1263 349 nihil
1304 307 1489 364 respicit
1527 308 1615 351 nisi
1655 310 1762 351 hoc:
1809 325 1910 362 καρ·

361 380 554 429 διώττειν,
588 379 690 430 ὅπερ
721 379 939 431 βουλιμιᾶν
970 379 1070 431 λέγει
1106 379 1318 432 Ξενοφῶν.

501 448 743 489 Accedunt
780 448 974 503 glossae,
1014 462 1131 503 quae
1169 448 1475 492 inveniuntur
1513 449 1558 492 in
1601 449 1734 492 initio
1774 449 1907 492 lez-:ici

363 517 590 570 Photiani,
623 532 741 573 quae
773 532 878 573 pars
910 533 1059 573 nuper
1087 534 1113 560 a
1137 517 1267 561 Rich.
1293 519 1657 562 Reitzensteinio
1680 519 1805 563 edita
1827 528 1906 562 est.

358 589 482 631 Sunt
519 602 627 629 vero
667 594 887 643 quattuor
919 595 1103 631 tantum
1143 589 1326 644 glossae
1356 590 1594 632 Anabasin
1635 597 1908 646 spectantes,

360 673 478 714 quae
539 657 655 700 nihil
714 659 938 714 praebent
999 658 1088 701 nisi
1151 659 1507 715 explicationem
1560 662 1907 713 vocabulorum3

359 730 571 784 exempla
594 730 939 785 Xenophontea
961 729 1292 773 desiderantur.
1341 732 1482 774 Sunt:
1508 733 1589 773 ΙΙΙ.
1612 735 1643 774 l.
1660 735 1725 774 30.
1740 748 1781 775 v.
1806 734 1910 774 ἅνα-

360 801 530 852 θέντας;
565 802 643 843 IV.
669 803 708 843 2.
734 803 768 842 8.
794 816 832 842 v.
858 802 1034 855 ἀνίμωνς
1069 803 1120 843 V.
1146 804 1180 843 2.
1211 804 1271 843 lO.
1295 818 1334 843 v.
1359 804 1622 856 ἀναχωρίζεις
1656 804 1707 845 Υ.
1728 806 1763 845 4.
1784 805 1848 845 29.
1870 818 1907 843 v.

359 871 557 912 ἀνόκαιον
590 870 670 925 (sic
705 870 913 926 Photius)
946 872 1018 913 vel
1053 873 1262 929 ἀνώγαιον
1294 871 1374 927 (sic
1406 871 1602 928 Suidas).

501 940 732 984 Undecim
766 940 911 996 igitur
943 942 1126 997 glossae
1159 957 1427 985 communes
1460 951 1571 985 sunt
1598 943 1771 986 Suidae
1804 957 1908 985 cum

360 1010 537 1064 Photio,
586 1026 782 1067 quarum
827 1012 943 1054 duas
983 1019 1168 1055 tantum
1207 1013 1432 1069 exemplis
1471 1021 1658 1056 ornatas
1698 1014 1909 1056 videmus

357 1082 481 1138 apud
504 1088 754 1138 utrumque
777 1081 1171 1138 lexicographum.
1225 1084 1322 1126 Sub
1346 1084 1527 1126 duabus
1551 1084 1719 1139 glossis
1741 1084 1909 1127 Suiclas

358 1154 484 1195 solus
506 1153 648 1195 habet
671 1153 936 1209 exemplum
955 1154 1365 1208 Xenophonteum,
1389 1155 1511 1210 quod
1534 1153 1701 1210 petivit
1717 1155 1911 1197 fortasse

357 1238 383 1266 e
411 1223 567 1266 codice
595 1239 679 1266 suo
702 1225 982 1267 Anabaseos.
1037 1225 1150 1266 Illae
1172 1232 1349 1280 septem
1373 1225 1572 1281 denique
1595 1240 1712 1281 quae
1734 1233 1912 1268 restant

358 1295 542 1350 glossae
575 1294 621 1336 in
657 1309 847 1337 censum
880 1309 972 1337 non
1007 1294 1216 1347 veniunt,
1250 1296 1373 1351 quod
1413 1295 1636 1352 exemplis
1674 1311 1766 1338 non
1802 1304 1912 1338 sunt

357 1364 578 1408 munitae.

502 1437 671 1479 Glossa
688 1436 914 1480 Suidiana
930 1439 1166 1480 πλινθωτόν
1189 1453 1282 1480 non
1301 1437 1440 1480 fluxit
1457 1452 1512 1480 ex
1527 1438 1672 1480 Anab.
1693 1439 1775 1480 111.
1791 1441 1827 1479 4.
1850 1441 1911 1490 19,

359 1521 464 1550 cum
516 1506 563 1550 in
616 1507 800 1550 Arriani
863 1508 980 1551 libro
1037 1515 1257 1561 recurrat,
1320 1507 1397 1564 qui
1461 1507 1727 1550 inscribitur
1787 1511 1910 1562 τέχνη

358 1580 543 1633 τακτική,
566 1593 606 1634 p.
627 1581 681 1621 69
700 1586 746 1621 et
767 1578 814 1621 in
841 1579 1128 1622 Bibliotheca
1152 1578 1435 1622 Coisliniana
1453 1594 1492 1635 p.
1508 1582 1591 1621 512
1611 1579 1911 1635 (Montstmo),

358 1650 481 1705 quod
524 1651 805 1692 vocabulum
842 1650 1199 1706 Xenophonteis
1237 1649 1424 1706 quidem
1471 1650 1740 1707 explicatur,
1788 1657 1912 1692 caret

359 1727 517 1763 autem
550 1721 772 1777 exemplo.

498 1790 723 1835 Similiter
739 1807 788 1834 sc
807 1792 949 1835 habet
964 1794 1020 1835 Π.
1038 1795 1073 1835 2.
1095 1795 1155 1835 16.
1170 1808 1209 1834 v.
1231 1794 1465 1847 Evffi'vaOv,
1483 1793 1568 1834 sub
1587 1806 1677 1848 quo
1696 1792 1912 1834 lemmate

357 1869 522 1905 extant
562 1863 685 1918 apud
724 1862 919 1906 Suidam
959 1865 1044 1905 ἀντὶ
1079 1869 1152 1905 τοῦ
1191 1865 1277 1905 κατ’
1321 1865 1517 1911 εὖθεῖαιυ-
1548 1865 1682 1909 οὕτως
1712 1856 1913 1917 Ἀντιφῶν

357 1933 434 1976 καὶ
479 1935 694 1988 Ξενοφῶν.
775 1933 1090 1990 Reperiuntur
1142 1934 1265 1976 enim
1320 1935 1443 1990 apud
1494 1932 1912 1990 Harpocrationem

357 2004 452 2046 fere
493 2005 672 2047 eadem:
716 2007 965 2059 Εὖθύωρον,
997 2007 1043 2047 τὸ
1075 1999 1166 2048 κατ’
1199 2007 1376 2053 εὐθεῖαν,
1410 1999 1610 2059 Ἀντιφῶν
1641 2006 1685 2046 ἓν
1714 2010 1775 2058 τῷ
1804 2005 1914 2057 πρὸ,ι

357 2076 579 2118 Νικοκλέα.
627 2077 677 2118 τὸ
711 2078 848 2131 ὄνομα
879 2076 951 2119 καὶ
983 2077 1099 2130 παρὰ
1124 2078 1361 2130 Ξενοφῶντι
1393 2078 1436 2117 ἓν
1460 2077 1629 2129 δευτέρᾳ
1656 2076 1912 2130 ἀναβάσεως,

358 2145 526 2202 quibus
574 2147 725 2189 elucet
771 2146 918 2189 redire
964 2148 1086 2189 hanc
1133 2148 1338 2203 glossam
1386 2147 1443 2189 ad
1483 2145 1910 2202 Harpocrationem.

500 2218 554 2260 E.
580 2218 765 2260 Polluce
787 2224 833 2260 et
856 2217 1137 2274 Hesycl1io¹)
1163 2217 1279 2260 nihil
1304 2218 1426 2274 quod
1460 2216 1691 2273 pertineat
1712 2216 1770 2259 ad
1792 2217 1913 2258 Ana-

358 2287 491 2330 basin
502 2288 761 2345 desumpsit
771 2288 953 2342 Suidas,
966 2288 1055 2331 nisi
1068 2290 1263 2332 fortasse
1275 2303 1417 2331 unam
1430 2289 1634 2344 glossam
1647 2289 1913 2343 καρὸιώττειν

357 2374 399 2415 p.
426 2363 449 2401 7
469 2367 889 2413 commemoratam,
922 2375 1040 2415 quae
1063 2359 1325 2402 observatio
1358 2359 1498 2402 etiam
1532 2357 1655 2401 cadit
1686 2357 1733 2400 in
1758 2358 1910 2411 Etym.

363 2432 519 2486 Magn.
554 2438 601 2472 et
632 2429 722 2473 alia
755 2445 873 2486 quae
904 2438 1105 2473 aetatem
1139 2432 1348 2473 tulerunt
1378 2429 1535 2472 lexica.
1600 2430 1717 2472 Cum
1754 2435 1911 2471 autem

361 2503 541 2557 glossas
593 2500 855 2550 Suidianas,
904 2501 1118 2557 quamvis
1169 2500 1265 2544 sint
1315 2515 1507 2557 paucae,
1559 2514 1664 2542 cum
1715 2499 1913 2542 aliorum

358 2571 581 2614 librorum
605 2571 772 2628 glossis
790 2571 1029 2615 Anabasin
1053 2571 1372 2628 spectantibus
1387 2585 1643 2627 congruere
1658 2570 1912 2624 videamus,

507 2693 538 2743 ¹)
573 2694 688 2740 Quae
711 2705 742 2734 s.
767 2705 827 2733 vv.
850 2693 1051 2746 πυραμός,
1086 2693 1243 2745 κάρφη,
1275 2692 1457 2745 βάλανος
1490 2695 1670 2742 leguntur
1701 2694 1740 2731 in
1763 2691 1912 2732 Suidae

360 2751 503 2798 lexico,
543 2753 709 2790 multum
749 2750 941 2791 differunt
979 2753 1027 2792 ab
1067 2754 1128 2799 iis,
1169 2763 1272 2802 quae
1311 2753 1387 2791 sub
1427 2753 1570 2791 iisdem
1603 2753 1772 2791 vocibus
1804 2751 1911 2802 apud

362 2809 611 2860 Hesychium
645 2814 864 2850 occurrunt.
