2075 3278
980 234 1271 274 —22-

348 373 411 415 sic
444 373 567 428 apud
600 370 794 415 Suidam
825 379 1086 414 recurrunt:
1134 373 1204 414 καὶ
1236 373 1487 427 γεῤῥοφόροι
1521 374 1677 415 ὁπλῖται
1710 375 1898 427 ἐχόμενοι

344 445 501 485 τούτων
533 443 606 484 σὺν
636 443 836 496 ποδήρεσι
867 443 937 484 καὶ
969 444 1146 490 ξυλίναις
1178 444 1352 490 ἀσπίσιν,
1400 457 1519 498 quae
1556 444 1681 485 haud
1721 442 1815 486 scio
1838 458 1896 487 an

345 511 634 556 librariorum
666 510 804 554 errori
837 512 1103 555 debeantur.

486 581 643 626 Etiam
676 583 708 625 Ι.
743 586 779 624 4.
814 585 838 625 9
878 597 909 625 s.
943 598 982 625 v.
1022 583 1167 629 Χάλος
1211 582 1480 626 immutavit
1522 590 1702 626 textum
1746 586 1898 627 Xeno-

345 655 603 709 phonteum
633 667 717 708 pro
749 654 811 694 ἐπὶ
844 654 914 695 τὸν
935 653 1081 696 Χάλον
1112 654 1314 708 ποταμὸν,
1348 655 1446 696 ὄντα
1477 655 1522 696 τὸ
1550 654 1670 710 εὖρος
1699 656 1899 709 πλέθρου,

344 725 480 778 πλήρη
521 717 734 778 δ’ἰχθύων
771 742 808 765 κ.
838 741 867 764 τ.
896 725 931 766 λ.
970 738 1148 779 ponens
1180 725 1569 779 Χάλος.ποταμὸς,
1613 724 1663 768 οὗ
1701 726 1745 767 τὸ
1779 726 1903 780 εὖρος

345 795 544 848 πλέθρου,
575 795 736 849 πλήρης
766 796 930 848 ἰχθύων
960 812 997 836 κ.
1020 812 1050 836 τ.
1073 796 1104 837 7..
1167 794 1338 838 Suidas
1371 794 1528 838 omnia
1550 794 1597 837 in
1622 795 1899 839 nominativi

344 865 540 906 formam
573 863 813 918 convertit,
847 865 969 921 quod
1002 879 1109 907 eum
1143 866 1289 908 solere
1321 865 1367 908 in
1402 864 1672 908 nominibus
1704 865 1900 923 propriis

345 933 631 991 explicandis
654 935 892 978 declarant
914 937 945 977 Ι.
966 939 1002 978 4.
1026 939 1058 978 1.
1083 951 1154 978 vv.
1185 937 1328 990 Φάρος
1350 943 1397 979 et
1418 938 1639 992 Πύραμος,
1662 935 1709 978 in
1733 936 1900 993 quibus

347 1020 428 1061 pro
476 1004 753 1048 accusativis
794 1007 940 1060 Φάρον
987 1014 1034 1049 et
1078 1007 1285 1063 Πύραμον
1328 1006 1619 1050 nominativo
1667 1021 1778 1050 usus
1819 1015 1899 1052 est.

345 1076 527 1119 Deinde
548 1075 596 1118 in
620 1075 699 1119 illo
722 1077 934 1132 exemplo
966 1091 1059 1119 non
1084 1076 1288 1120 mutavit
1321 1079 1419 1119 ὄντα
1441 1076 1488 1119 in
1512 1080 1584 1131 ὤν,
1617 1078 1696 1120 sed
1720 1076 1902 1134 scripsit

344 1148 394 1191 οὗ
416 1148 462 1189 τὸ
484 1148 617 1201 εὖρος,
650 1148 773 1203 quod
807 1147 948 1190 etiarn
978 1147 1027 1190 in
1051 1146 1367 1204 superioribus
1400 1164 1472 1191 vv.
1502 1149 1647 1202 Φάρος
1678 1155 1725 1190 et
1756 1149 1900 1205 Πύρα-

344 1236 425 1273 μος
457 1244 511 1250 -—
545 1217 591 1260 in
624 1217 698 1260 his
732 1217 900 1274 glossis
932 1233 957 1261 e
983 1219 1300 1274 Xenophonte
1332 1217 1501 1274 petivit
1533 1218 1583 1262 οὗ
1615 1220 1661 1260 τὸ
1692 1219 1813 1272 εὖρος
1846 1245 1898 1250 -

346 1295 622 1345 usurpatum
655 1288 696 1331 ei
729 1289 883 1332 adhuc
915 1296 1014 1332 erat
1045 1288 1092 1331 in
1127 1297 1358 1346 promptu.

485 1360 578 1403 Sed
618 1358 730 1402 satis
767 1360 918 1402 multa
956 1361 1168 1416 exempla
1209 1359 1421 1403 attulisse
1458 1358 1573 1402 mihi
1614 1358 1783 1403 videor.
1846 1362 1900 1403 In

344 1429 615 1474 universum
658 1431 962 1473 statuendum
1009 1438 1080 1473 est
1125 1445 1219 1473 non
1271 1431 1523 1473 admodum
1568 1429 1758 1473 difficile
1803 1445 1903 1474 esse

344 1501 586 1557 indagare,
639 1500 806 1557 quibus
858 1500 971 1544 locis
1019 1502 1232 1544 consulto
1279 1501 1533 1544 mutaverit
1580 1500 1766 1554 Suidas,
1818 1515 1903 1544 nec

343 1571 478 1615 facile
517 1571 764 1629 quisquam
804 1573 890 1614 hos
933 1572 1058 1614 locos
1096 1570 1288 1615 mutilos
1328 1571 1503 1615 auctori
1544 1572 1732 1614 reddere
1771 1587 1904 1615 cona-

345 1642 482 1686 bitur.
548 1644 824 1699 Plerumque
846 1641 986 1685 etiam
1010 1641 1213 1685 dilucide
1245 1650 1437 1699 apparet
1459 1657 1599 1699 quam
1632 1643 1689 1685 ob
1716 1657 1902 1686 causam

345 1714 692 1770 Xenophontea
714 1728 807 1756 non
832 1714 889 1756 ad
912 1714 1107 1756 verbum
1130 1712 1176 1755 in
1203 1715 1486 1756 collectanea
1508 1712 1735 1757 Suidiana
1758 1720 1902 1756 trans-

344 1783 664 1840 migraverint.
731 1783 980 1840 Praecipue
1025 1784 1360 1840 grammaticus
1402 1783 1703 1827 abbreviandi
1749 1783 1903 1827 studio

349 1855 739 1908 commovebatur,
762 1862 815 1898 ut
837 1855 1042 1897 demeret
1063 1856 1205 1898 verba
1227 1856 1300 1898 vel
1326 1855 1629 1898 contraheret.
1683 1856 1901 1898 Attamen

346 1925 601 1968 maximam
633 1926 838 1968 habebat
869 1940 1039 1979 curam,
1072 1933 1125 1968 ut
1157 1933 1374 1983 excerpta
1406 1933 1536 1968 extra
1568 1924 1777 1968 ordinem
1809 1940 1904 1967 ora-

347 1995 488 2040 tionis
519 1995 673 2053 posita
694 1997 813 2039 bene
845 1995 1056 2052 intellegi
1080 2004 1282 2052 possent„
1348 1995 1542 2039 Minime
1563 1995 1709 2052 igitur
1730 1994 1905 2038 deside-

346 2074 474 2110 ratur
504 2082 637 2110 mens
676 2082 728 2110 ac
766 2067 884 2110 ratio
915 2066 963 2110 in
996 2066 1170 2111 Suidae
1208 2066 1484 2123 excerpendi
1524 2082 1611 2110 usu
1650 2074 1696 2109 et
1732 2066 1904 2122 ubique

348 2139 499 2180 elucet
517 2137 901 2196 lexicographum
916 2137 1089 2181 tenoris
1108 2136 1368 2180 sententiae
1385 2137 1559 2194 optime
1577 2152 1676 2180 esse
1692 2151 1907 2193 gnarum,

350 2207 541 2251 omnino
574 2207 621 2251 in
655 2207 985 2265 Xenophontis
1016 2207 1223 2251 Anabasi
1256 2223 1349 2251 non
1385 2223 1484 2251 esse
1515 2207 1822 2264 peregrinum.

1002 2443 1156 2498 Caput
1189 2444 1260 2488 Ν.

492 2539 631 2580 Nunc
669 2538 727 2580 ad
766 2552 861 2580 rem
903 2538 1175 2580 accedentes
1218 2536 1516 2594 inquiremus,
1562 2535 1634 2579 cui
1676 2535 1791 2579 libro
1831 2537 1904 2579 vel

353 2607 424 2650 cui
473 2607 694 2651 librorum
743 2606 901 2664 generi
940 2607 1269 2664 Xenophontis
1317 2615 1484 2661 textus,
1532 2622 1669 2664 quem
1717 2606 1907 2650 exhibet

352 2677 533 2732 Suidas,
567 2677 820 2721 consimilis
852 2677 1116 2736 reperiatur.
1134 2678 1161 2735 ¹)
1223 2680 1330 2721 Non
1364 2679 1501 2734 plane
1539 2677 1769 2720 diversam
1806 2691 1906 2720 esse

499 2795 528 2851 ¹)
562 2800 653 2843 Qua
675 2800 714 2836 in
737 2800 1076 2838 commentatione
1098 2800 1293 2838 rationem
1316 2801 1437 2836 habui
1460 2800 1645 2837 editionis
1667 2798 1906 2837 Oxoniensis

349 2857 562 2900 Dindorfii,
584 2859 896 2907 locupletissimo
920 2865 1058 2897 ornata
1075 2865 1282 2908 apparatu,
1303 2871 1382 2908 quo
1402 2871 1423 2895 e
1441 2860 1540 2896 libro
1559 2859 1680 2896 etiam
1697 2868 1908 2895 numerum
