2188 3268
949 178 1213 215 -7-

310 315 625 372 Reperiuntur
646 314 692 357 in
719 314 870 357 Photii
895 316 1112 357 thesauro
1136 316 1318 370 glossae
1339 312 1592 357 Suidianae
1614 312 1851 356 Anabasin

309 393 570 442 spectantes
603 400 721 442 quae
753 392 1030 441 sequuntur:

452 459 530 500 IV.
557 460 592 499 7.
623 459 684 499 16.
710 471 741 499 s,
766 472 806 499 v,
832 458 986 511 ξυήλην
1013 464 1059 499 et
1082 459 1158 500 IV.
1184 459 1219 498 8.
1244 459 1280 498 2.
1305 471 1335 499 s.
1359 471 1401 499 v.
1426 457 1667 509 ὑπερδέξιον
1688 454 1857 497 Suidas

310 535 355 570 et
395 526 589 570 Photius
634 526 756 569 idem
802 527 1104 584 suppeditant
1148 528 1411 583 exemplum
1449 526 1854 582 Xenophonteum.

449 599 526 640 VI.
566 601 596 640 1.
632 601 667 639 7.
702 612 732 639 s.
766 613 806 639 v.
840 600 1037 651 καρπαία
1074 597 1240 640 Suidas
1288 597 1481 639 eandem
1530 597 1672 639 habet
1715 595 1855 651 expli-

309 667 538 711 cationem
570 666 710 710 huius
743 667 869 710 vocis
902 676 1041 724 atque
1075 667 1285 711 Photius:
1326 669 1433 714 εἶδος
1464 669 1689 722 ὀρχήσεως,
1723 669 1856 711 οὕτως

310 740 513 793 Ξενοφῶν
544 741 587 780 ἒν
617 742 664 796 τῇ
692 740 920 793 Ἀναβάσει
951 740 1024 780 κ’λ.

450 808 673 853 Eiusdem
697 808 881 865 generis
911 816 981 852 est
1008 811 1110 852 VH.
1136 812 1172 851 3.
1197 811 1262 851 32.
1288 824 1325 851 v.
1350 809 1682 861 κατασκεὸάζειν,
1716 821 1854 863 quam

307 895 469 923 vocem
501 879 664 922 iisdem
697 879 850 922 verbis
883 879 1148 936 expediunt.

448 953 531 993 III.
562 954 597 993 5.
634 954 694 992 14.
725 965 756 993 S.
793 966 832 993 v.
871 952 1043 1007 ἤλεγχον
1086 949 1279 993 Photius
1318 951 1413 992 dat:
1462 952 1793 1004 ἔᾳῑανεροποίουν
1833 952 1854 1003 ἢ

307 1024 540 1076 ἀπέκρινον,
589 1023 648 1068 ὡς
688 1023 900 1075 Ξενοφῶν,
948 1036 1066 1077 quae
1109 1022 1166 1063 ad
1215 1022 1408 1063 verbum
1456 1020 1625 1063 Suidas
1673 1033 1856 1076 quoque

306 1093 467 1142 habet;
501 1091 668 1134 deinde
700 1099 857 1134 autem
890 1091 1057 1134 adiecit
1089 1091 1258 1135 Suidas
1286 1092 1550 1146 exemplum
1574 1091 1856 1146 Xenophon-

307 1171 434 1206 teum
487 1163 611 1218 apud
660 1161 878 1205 Photium
930 1177 1022 1204 non
1071 1170 1245 1205 extans.
1329 1161 1378 1204 Si
1434 1161 1650 1204 Photium
1703 1160 1856 1217 ipsum

308 1232 552 1289 exscripsit
589 1232 958 1289 lexicographus‚
998 1234 1261 1288 exemplum
1301 1232 1415 1274 illud
1448 1247 1553 1274 eum
1587 1231 1857 1287 apposuisse

308 1320 332 1346 e
365 1303 521 1346 codice
560 1319 642 1346 suo
678 1304 1021 1360 Xenophonteo
1061 1303 1194 1345 nobis
1234 1310 1304 1345 est
1342 1301 1678 1358 accipiendum,
1722 1301 1789 1344 sin
1832 1316 1856 1344 e

306 1374 417 1417 rivis
487 1389 591 1416 cum
663 1374 826 1416 Photio
896 1372 1220 1416 communibus
1289 1374 1467 1429 glossas
1537 1372 1695 1415 hausit
1761 1387 1855 1414 non

306 1446 578 1501 repugnabo
612 1444 897 1487 existimanti
934 1443 1150 1487 Photium
1184 1443 1394 1487 omisisse
1425 1444 1701 1500 exemplum,
1734 1444 1855 1499 quod

305 1514 352 1557 in
407 1514 641 1558 communi
694 1516 822 1557 fonte
874 1514 1096 1565 extiterit,
1159 1514 1351 1558 Suidam
1413 1523 1568 1556 autem
1620 1513 1856 1569 recepisse.

308 1586 603 1641 Quamquam
637 1600 729 1627 non
763 1585 919 1627 minus
952 1584 1136 1627 videtur
1168 1583 1414 1641 probabile,
1447 1584 1493 1626 in
1524 1583 1602 1626 illo
1624 1583 1740 1626 libro
1762 1599 1855 1625 non

306 1664 495 1699 exarata
532 1655 674 1698 fuisse
713 1656 1066 1711 Xenophontea,
1111 1656 1190 1698 sed
1228 1655 1422 1698 Suidam
1461 1654 1694 1697 addidisse
1731 1655 1857 1696 hunc

306 1728 459 1769 locum
507 1741 563 1768 ex
609 1726 709 1782 ipsa
747 1725 953 1769 Anabasi
1002 1727 1070 1779 (ut
1117 1727 1234 1768 solet
1283 1724 1450 1781 glossis
1493 1740 1548 1767 ex
1588 1724 1690 1766 aliis
1727 1724 1856 1767 libris

305 1796 500 1853 receptis
540 1796 638 1854 ipse
671 1812 694 1839 e
728 1796 925 1839 lectione
964 1798 1299 1853 permultorum
1338 1796 1557 1838 librorum
1592 1796 1856 1851 exemplum

306 1867 582 1924 attribuere).

448 1939 577 1981 Idem
624 1938 925 1980 iudicandum
974 1945 1044 1980 est
1083 1940 1159 1980 IV.
1190 1941 1225 1980 3.
1262 1942 1322 1980 11.
1362 1939 1418 1979 de
1457 1952 1570 1980 voce
1607 1939 1856 1991 μάρσιππος,

305 2008 385 2052 ubi
418 2008 587 2052 Suidas
619 2008 991 2065 interpretationi
1025 2008 1165 2051 huius
1199 2010 1384 2064 glossae
1417 2023 1520 2050 cum
1556 2008 1721 2050 Photio
1755 2023 1858 2050 con-

307 2079 494 2136 gruenti
528 2088 574 2123 et
607 2080 807 2135 Etymol.
842 2080 999 2136 Gud.¹)
1039 2079 1234 2135 apponit
1272 2080 1536 2135 exemplum
1575 2079 1858 2134 Xenophon-

305 2159 445 2205 teum,
478 2151 535 2193 de
567 2165 657 2206 quo
689 2150 807 2193 nihil
840 2158 911 2193 est
941 2150 988 2193 in
1022 2150 1096 2192 his
1127 2149 1266 2193 libris.

447 2222 664 2265 Glossam
684 2223 961 2276 καρὸιώττειν
978 2221 1289 2278 pertinentem
1308 2222 1364 2263 ad
1379 2223 1495 2263 Xen.
1510 2221 1656 2263 Anab.
1680 2221 1758 2263 IV.
1775 2223 1813 2263 5.
1832 2223 1856 2261 8

305 2307 601 2336 communem
628 2293 805 2335 habent
826 2300 872 2334 et
893 2291 1062 2336 Suidas
1085 2300 1131 2335 et
1154 2292 1347 2335 Photius
1377 2299 1422 2334 et
1446 2292 1609 2334 Pollux
1632 2291 1705 2347 (ΙΙ.
1730 2294 1766 2333 2.
1791 2291 1857 2347 17)

305 2371 351 2406 et
390 2362 711 2419 Hesychius2),
758 2378 909 2420 neque
954 2371 1108 2406 tamen
1159 2364 1422 2419 exemplum
1460 2363 1857 2417 Xenophonteum

305 2510 449 2547 Suidae
481 2511 610 2547 lexica
642 2511 877 2555 intercedat,
908 2510 999 2547 diss.
1021 2510 1112 2550 Hal.
1143 2509 1264 2552 1886.
1297 2516 1337 2546 et
1358 2509 1406 2546 G.
1425 2509 1614 2552 Wentzel,
1651 2508 1856 2556 ⁷‚Beitrage

305 2581 371 2605 zur
410 2568 654 2606 Geschichte
703 2571 774 2606 der
821 2570 1095 2618 griechischen
1141 2568 1509 2617 Lexikographen“‚
1558 2567 1773 2615 Sitzungsb.
1821 2567 1858 2602 d.

304 2628 455 2664 Preuss.
501 2629 626 2665 Akad.
671 2628 794 2673 1895,
824 2641 862 2677 p.
888 2628 972 2667 477
995 2640 1053 2676 sq.

451 2684 481 2736 ¹)
513 2687 644 2737 Etym.
679 2686 785 2726 Gud.
819 2697 890 2737 pro
924 2685 1140 2727 σακὲλλιον
1171 2686 1291 2724 habet
1321 2683 1554 2736 βαλάντιον.

305 2804 426 2854 longa
448 2745 633 2843 {urinae
686 2747 762 2785 sub
817 2746 855 2785 h.
901 2746 954 2796 gl.
999 2745 1107 2795 apud
1152 2744 1401 2794 Hesychium
1451 2747 1597 2791 extant,
1647 2754 1726 2782 non
1778 2747 1856 2782 ‘tam
