2188 3268
839 228 1127 267 *37—

228 371 283 412 Π.
318 371 354 411 3.
393 371 442 409 18
477 367 511 410 C
542 382 621 422 pr.,
654 365 780 409 Suid.
814 368 863 421 (S,
887 381 926 408 V.
960 365 1210 420 ἀχαριστεῖν)
1243 367 1366 419 ἒ·’χειν;
1400 370 1480 406 cet.
1515 365 1626 412 ἕξειν.

209 442 284 483 IV.
322 443 356 481 7.
395 441 444 479 12
479 438 513 480 C
544 452 620 493 pr.,
653 435 1010 492 Suid.(s.v.2'cvg)
1026 436 1756 492 ὁρᾷ-παραθεῖςςεῖ.ἑώρα-παρέθει.

210 512 284 553 IV.
319 512 354 551 8.
389 511 444 550 20
478 508 512 550 C
544 522 619 563 pr.,
652 506 778 550 Suid.
814 510 862 560 (s.
886 523 926 549 v.
960 509 1110 561 σμήνη)
1144 521 1228 548 om.
1262 507 1313 560 ἦν
1344 512 1450 561 post
1481 506 1612 547 οὐδέν.

211 582 286 623 IV.
321 583 356 622 4.
395 582 440 620 11
479 578 513 620 C
544 592 620 633 pr.,
654 577 776 619 Suid.
810 578 860 633 (s.
884 593 924 619 v.
959 578 1153 629 ἀλεεινός)
1187 577 1382 629 ἀλεεινόν;
1416 582 1499 618 cet.
1534 576 1713 617 ἐλεεινόν.

351 648 443 691 Hic
474 639 650 691 Suidae‘
679 655 725 690 et
753 646 855 690 libri
880 647 914 690 C
938 661 1190 690 consensus
1211 648 1349 702 plane
1372 653 1493 688 esset
1514 645 1761 702 inexplica-

209 719 326 774 bilis,
359 718 397 761 si
430 719 488 761 ad
521 718 800 760 deteriorum
824 732 974 774 genus
996 717 1165 760 rediret
1187 715 1503 773 lexicographi
1528 716 1762 771 exemplar

209 790 617 845 Xenophonteum.
680 791 803 831 Nam
837 796 937 831 tum
969 795 1317 844 expectaremus
1349 787 1451 829 illas
1481 786 1761 829 deteriorum

210 860 470 916 scripturas,
515 874 629 915 quas
666 867 848 915 praeter
887 859 920 902 C
959 858 1099 901 etiam
1138 873 1298 901 omnes
1336 858 1512 900 habent
1549 856 1762 899 meliores

208 931 324 985 libri,
363 930 410 973 in
450 929 623 974 Suidae
663 944 846 986 quoque
887 929 1042 972 codice
1079 944 1317 971 recurrere.
1382 927 1571 972 Etenim
1609 928 1762 983 plures

211 1010 324 1044 sunt
364 1016 502 1057 quam
541 1008 594 1043 ut
626 1015 735 1043 casu
768 1002 937 1043 factam
970 1015 1070 1042 esse
1102 999 1382 1056 accipiamus
1414 999 1542 1040 illam
1575 1012 1764 1040 consen-

212 1071 389 1115 sionem
439 1087 525 1114 nec
567 1071 783 1127 cuiquam
831 1070 1047 1114 credibile
1091 1071 1276 1113 videtur
1314 1071 1430 1112 duos
1474 1068 1654 1111 criticos
1695 1074 1765 1110 tot

213 1143 325 1186 locis
357 1143 553 1185 eandem
585 1143 702 1185 forte
733 1141 894 1184 fecisse
917 1142 1240 1184 coniecturam.
1301 1142 1365 1183 At
1387 1147 1642 1182 correctum
1665 1153 1764 1181 esse

213 1213 385 1257 Suidae
424 1212 628 1256 codicem
667 1228 691 1255 e
728 1212 844 1255 libro
878 1213 912 1255 C
949 1213 1023 1255 vel
1061 1211 1230 1254 librum
1270 1212 1304 1254 C
1337 1218 1496 1253 contra
1535 1225 1559 1252 e
1591 1209 1764 1253 Suidae

217 1283 468 1340 exemplari
522 1282 697 1326 nemini
745 1291 866 1326 certe
914 1283 1072 1326 veniet
1117 1281 1164 1324 in
1212 1289 1429 1324 mentem.
1500 1282 1654 1335 Quare
1700 1279 1766 1321 ita

215 1353 469 1397 sentiemus
528 1355 761 1410 exemplar
812 1353 1090 1397 Suidianum
1147 1353 1294 1395 redire
1352 1353 1410 1395 ad
1462 1351 1766 1406 archetypum

214 1425 398 1481 utrique
448 1424 651 1467 familiae
704 1439 1014 1478 communem,
1068 1432 1114 1466 et
1164 1423 1334 1466 librum
1387 1423 1421 1465 C
1473 1429 1520 1464 et
1571 1420 1766 1464 Suidam

214 1496 287 1538 his
319 1495 431 1538 locis
464 1494 719 1551 genuinam
752 1494 988 1550 archetypi
1021 1494 1297 1551 scripturam
1328 1492 1583 1536 retinuisse.

357 1566 529 1610 Suidae
573 1567 808 1621 exemplar
854 1566 1168 1608 revocandum
1215 1579 1314 1606 esse
1359 1565 1417 1606 ad
1460 1562 1641 1616 librum,
1689 1561 1766 1617 qui

216 1643 262 1679 et
308 1638 366 1679 ad
412 1636 611 1692 priorem
659 1644 705 1679 et
751 1637 808 1678 ad
861 1637 1054 1678 alteram
1099 1634 1363 1692 pertinebat
1409 1635 1618 1686 classem,
1665 1632 1767 1674 dico

220 1708 277 1750 ad
300 1708 604 1764 archetypum
636 1706 916 1749 familiarum
948 1707 1158 1748 nondum
1190 1705 1515 1758 seiunctarum‚
1548 1703 1768 1746 lectiones

218 1777 428 1821 indicant
487 1777 732 1820 meliorum
800 1785 846 1820 et
910 1777 1190 1819 deteriorum
1253 1775 1463 1818 codicum
1531 1772 1769 1830 scripturis

217 1847 402 1899 mixtae,
434 1850 564 1891 velut

362 1921 444 1962 HI.
478 1923 514 1961 4.
549 1922 602 1961 35
635 1920 737 1961 mel.
770 1919 944 1973 χαλεπὰ
981 1920 1152 1972 νύκτωρ
1190 1919 1258 1960 καὶ
1290 1919 1482 1974 θορύβου
1514 1919 1647 1969 ὄντος;
1681 1915 1769 1958 det.

218 1991 397 2046 χαλεπὸν
434 1991 582 2036 νυκτὸς
613 1992 679 2032 ὅτε
709 1991 779 2032 καὶ
810 1991 1003 2044 ’θορύβου
1036 1991 1154 2040 ὄντος
1185 1994 1340 2042 ποιεῖν;
1379 1987 1506 2031 Suid.
1540 1991 1589 2041 (s.
1612 2002 1652 2029 v.
1676 1988 1770 2028 ἔπι-

220 2060 356 2114 σοίξαι)
379 2062 536 2116 χαλεποὶ
557 2066 687 2104 ποιεῖν
708 2062 872 2114 νύκτωρ
895 2061 965 2102 καὶ
984 2061 1177 2114 θορύβου
1201 2061 1327 2106 ὄντος.
1372 2060 1476 2113 Qua
1492 2057 1540 2100 in
1564 2056 1772 2100 oratione

220 2131 389 2175 Suidas
420 2131 591 2187 partim
622 2130 733 2173 facit
765 2145 870 2173 cum
900 2129 1051 2186 priore
1082 2129 1251 2186 partim
1284 2144 1389 2171 cum
1422 2129 1565 2171 altera
1585 2126 1771 2170 familia.

223 2203 381 2245 Habet
419 2201 544 2244 enim
578 2216 823 2244 commune
856 2216 961 2243 cum
993 2200 1297 2243 deterioribus
1329 2200 1444 2242 illud
1476 2205 1616 2247 ποιεῖν,
1649 2198 1772 2254 quod

222 2282 377 2317 tamen
403 2288 460 2315 ex
476 2274 563 2315 hac
583 2274 727 2315 classe
742 2271 990 2315 manifesto
1007 2287 1101 2314 non
1119 2271 1269 2325 fluxit,
1286 2286 1396 2314 nam
1413 2269 1525 2314 satis
1544 2270 1775 2325 discrepat

222 2345 264 2387 h.
288 2345 312 2387 l.
336 2360 363 2386 a
395 2342 699 2387 deterioribus
730 2342 859 2386 libris
881 2342 1051 2387 Suidas
1075 2341 1343 2399 conspirans
1367 2357 1471 2384 cum
1493 2340 1773 2383 melioribus.

221 2415 429 2459 Verbum
439 2420 571 2458 ποιεῖν
585 2430 667 2472 pro
679 2414 1093 2470 interpretamento
1107 2412 1309 2469 margini
1325 2411 1562 2467 archetypi
1577 2409 1775 2466 adscrip-

225 2493 323 2528 tum
346 2484 489 2527 fuisse
511 2484 663 2541 quivis
684 2483 921 2541 perspicit:
945 2483 1118 2528 Suidae
1135 2483 1410 2540 exemplaris
1428 2490 1588 2525 auctor
1604 2480 1777 2537 recepit

224 2559 360 2598 ποιεῖν
390 2555 439 2597 in
472 2562 654 2599 textum
686 2563 795 2598 ante
826 2557 1002 2609 νύκτωρ,
1035 2554 1314 2597 deteriorum
1346 2554 1394 2596 in
1426 2552 1522 2595 fine
1553 2551 1775 2595 orationis

225 2625 381 2681 posuit
410 2632 550 2675 ποιεῖν,
580 2626 824 2669 meliorum
847 2625 1046 2682 denique
1067 2624 1278 2681 neglexit
1298 2625 1775 2680 interpretamentum.

368 2698 444 2740 IV.
478 2700 516 2741 5.
552 2700 575 2739 8
610 2697 645 2740 C
675 2712 752 2752 pr.,
791 2699 826 2738 B
870 2699 1043 2752 περιιὼν
1078 2699 1170 2751 περὶ
1215 2698 1263 2738 τὰ
1304 2698 1515 2750 ὑποζύγια,
1556 2699 1598 2738 εἴ
1620 2697 1703 2738 πού
1740 2712 1777 2738 τι

228 2766 347 2826 ὁρῴη
385 2769 550 2822 βρωτὸν
589 2769 771 2811 διεδίδου
809 2786 845 2810 κ.
874 2785 903 2810 τ.
932 2769 985 2821 λ.;
1032 2775 1112 2810 eet.
1154 2769 1336 2822 παριὼν
1374 2769 1450 2809 ἐπὶ
1486 2767 1533 2808 τὰ
1572 2768 1776 2824 ὑποζύγια

233 2839 250 2855 5

227 2855 338 2894 ηπου
370 2839 498 2880 ποτὸν
531 2841 553 2893 ἢ
585 2839 750 2893 βρωτὸν
780 2837 912 2895 ὁρῴη,
945 2840 1084 2881 ἐδίδου
1116 2856 1197 2881 κ.τ.
1220 2840 1270 2892 λ.;
1302 2837 1428 2882 Suid.
1461 2838 1508 2895 (s.
1531 2854 1571 2881 V.
1594 2837 1775 2895 βρωτόν)
