2188 3268
267 956 364 1005 Cap.
477 957 503 993 I.

267 1110 366 1159 Cap.
453 1110 500 1150 ΙΙ.

270 1193 367 1241 Cap.
438 1193 503 1229 III.

266 1275 362 1324 Cap.
437 1276 502 1312 IV.

266 1429 363 1477 Cap.
456 1430 501 1465 V.

265 1582 362 1631 Cap.
436 1583 501 1619 VI.

265 1736 362 1786 Cap.
417 1737 500 1773 VII.

265 1819 360 1868 Cap.
395 1820 498 1856 VIII.

265 1902 362 1951 Cap.
432 1903 497 1939 IX.

838 741 1245 809 Argumentum.

1730 909 1816 942 pag.

546 956 690 994 Suidas
728 959 877 1005 glossas
917 958 965 994 ad
1000 958 1201 994 Anabasin
1240 959 1482 1006 pertinentes
1521 972 1599 996 non
1633 961 1699 996 de-

548 1029 714 1077 sumpsit
736 1041 757 1065 e
781 1029 916 1065 lexicis
947 1029 1017 1065 sed
1051 1041 1098 1065 ex
1120 1029 1204 1077 ipso
1229 1030 1462 1067 Anabaseos
1486 1032 1699 1079 exemplari
1792 1032 1815 1069 5

545 1111 607 1147 De
640 1111 833 1148 memoria
867 1117 906 1148 et
938 1112 1171 1148 Anabaseos
1205 1116 1244 1148 et
1275 1112 1419 1149 Suidae
1453 1113 1567 1150 lexici
1620 1142 1628 1149 .
1691 1143 1698 1150 .

546 1193 608 1229 De
641 1193 786 1230 Suidae
820 1195 1059 1242 excerpendi
1092 1207 1164 1231 usu
1197 1223 1699 1232 ........
1766 1197 1814 1236 16

547 1276 663 1319 Quae
701 1276 800 1313 ratio
840 1277 1061 1313 intercedat
1103 1277 1203 1313 inter
1240 1277 1384 1313 Suidae
1426 1279 1628 1327 exemplar
1660 1286 1699 1316 et

545 1347 731 1383 meliores
763 1347 1038 1396 Xenophontis
1070 1348 1191 1384 libros

547 1430 663 1473 Quae
701 1430 800 1467 ratio
840 1430 1062 1467 intercedat
1102 1431 1201 1468 inter
1239 1431 1384 1468 Suidae
1425 1433 1627 1481 exemplar
1659 1440 1698 1470 et

1761 1504 1813 1543 27

547 1501 718 1549 singulos
751 1502 946 1549 quosdam
979 1503 1187 1538 meliorum
1220 1503 1408 1539 librorum
1477 1532 1485 1539 .
1548 1532 1556 1540 .
1618 1533 1627 1540 .
1689 1533 1696 1540 .

545 1583 662 1627 Quae
700 1583 799 1620 ratio
839 1585 1062 1621 intercedat
1098 1585 1200 1621 inter
1237 1584 1384 1622 Suidae
1424 1588 1627 1635 exemplar
1659 1593 1698 1623 et

546 1654 763 1691 deteriores
797 1654 916 1691 libros
979 1683 1697 1696 ...........
1759 1658 1808 1696 31

544 1737 688 1774 Suidae
723 1739 925 1786 exemplar
948 1739 997 1774 ad
1021 1750 1276 1775 communem
1309 1740 1410 1776 redit
1439 1741 1695 1789 archetypum
1759 1740 1813 1779 36

541 1820 602 1857 De
636 1820 885 1863 lectionibus,
918 1833 1016 1869 quas
1049 1822 1264 1870 singulares
1296 1824 1465 1871 praebet
1497 1824 1635 1860 Suidas
1688 1852 1696 1860 .
1758 1824 1812 1862 40

542 1904 649 1947 Quid
689 1916 711 1940 e
749 1904 894 1940 Suidae
936 1904 1174 1941 lectionibus
1219 1906 1267 1941 ad
1308 1907 1541 1943 Anabaseos
1581 1907 1695 1943 crisin

1758 1977 1811 2016 46

546 1976 743 2011 lucremur
771 2002 1695 2014 ..............
