2188 3268
858 230 1147 269 -39ss

373 371 448 413 IV.
499 372 534 411 7.
581 371 634 410 25
687 368 789 410 mel,
842 369 1212 422 παρηγγυήσαντος
1265 367 1353 409 det.
1401 367 1778 420 παρεγγυήσαντες;

233 439 359 484 Suid.
393 440 443 496 (S.
468 455 506 481 V.
530 438 773 493 παρεγγυιᾷ)
806 445 928 480 recte
959 440 1328 493 παρεγγυήσαντος.
1382 436 1583 482 Litteras
1615 435 1779 478 finales

234 509 281 552 in
315 510 564 565 archetypo
598 507 740 550 fuisse
772 509 989 550 obscuras
1020 522 1157 551 nemo
1189 522 1283 550 non
1316 507 1453 550 videt.
1517 506 1638 549 Illud
1671 520 1782 561 aug-

230 587 441 623 mentum
463 597 487 634 η
512 579 558 621 in
581 577 825 642 meliorum
848 577 1046 620 lectione
1069 577 1332 620 coniectura
1355 585 1507 620 ortum
1529 583 1610 629 est,
1643 590 1780 632 quam

230 657 509 708 pepererunt
551 648 732 692 litterae
776 655 998 691 exeuntes
1043 664 1068 691 e
1106 648 1221 691 libro
1266 649 1517 705 archetypo
1560 647 1782 690 mendose

231 722 295 776 (w
326 736 408 778 pro
439 720 528 776 τος)
561 719 828 777 descriptae.

374 817 449 858 IV.
484 818 522 858 5.
548 818 601 857 33
627 814 672 868 C,
695 815 747 867 A,
770 813 900 858 Suid.
924 815 974 870 (S.
998 829 1037 856 v.
1062 814 1216 869 ἒννεός)
1239 815 1380 867 ὥσπερ
1404 815 1569 866 ἕννεοῖς;
1604 814 1638 854 Β
1662 819 1783 854 recte

232 888 376 940 ὥσπερ
409 888 550 938 ἒιιεοῑςς
585 885 672 928 det.
707 886 884 938 ὡσπερεὶ
915 887 1030 931 νέοις.
1094 883 1365 930 Lectionem
1387 882 1661 927 Suidianam
1689 896 1781 924 non

232 956 439 999 derivare
453 956 560 999 licet
575 971 631 998 ex
647 971 710 1008 ea,
729 970 846 1011 quae
861 954 1058 997 occurrit
1071 954 1117 996 in
1132 953 1434 997 deterioribus
1444 953 1782 1009 Xenophontis,

234 1041 337 1069 cum
371 1026 600 1070 diversam
644 1027 816 1069 habeat
854 1025 1129 1082 scripturam
1162 1024 1530 1081 lexicographuS‚
1577 1039 1694 1080 quae
1726 1039 1785 1066 ne

233 1113 381 1140 errore
413 1099 485 1140 vel
516 1096 694 1140 incuria
727 1095 932 1140 scribarii
955 1104 1066 1139 nata
1089 1095 1159 1149 sit,
1193 1095 1526 1152 impedimento
1550 1102 1630 1148 est,
1663 1096 1785 1151 quod

235 1170 430 1211 eandem
447 1176 635 1211 servant
657 1167 819 1224 optimi
837 1166 1165 1223 Xenophontis
1182 1165 1296 1209 libri.
1353 1165 1511 1209 Potius
1534 1166 1785 1221 archetypo

236 1239 416 1282 crimini
464 1240 617 1282 danda
665 1246 735 1282 est
780 1237 859 1280 illa
904 1238 1102 1281 varietas
1149 1236 1414 1291 lectionum,
1461 1236 1507 1279 in
1555 1251 1645 1292 quo
1693 1250 1786 1278 una

234 1310 387 1353 littera
419 1312 467 1352 N
493 1310 617 1353 illius
649 1310 753 1351 ENi
768 1310 922 1352 ΈΟῙΣ
949 1323 1042 1351 11011
1077 1309 1214 1365 plane
1247 1314 1344 1350 erat
1377 1308 1539 1361 deleta,
1578 1314 1631 1349 ut
1661 1305 1787 1349 meli-

235 1397 366 1425 orum
405 1389 451 1424 et
488 1380 660 1425 Suidae
702 1379 977 1436 exemplaris
1016 1386 1177 1422 auctor
1216 1393 1317 1421 eam
1357 1377 1623 1435 reciperent,
1666 1377 1788 1420 dete-

234 1453 407 1495 riorum
451 1451 644 1507 scriptor
684 1457 1017 1493 transsumeret
1048 1451 1081 1503 I,
1127 1464 1243 1506 quae
1285 1464 1378 1491 una
1420 1449 1555 1491 hasta
1588 1447 1711 1490 illius
1745 1449 1793 1488 N

236 1523 419 1579 integra
452 1530 698 1578 supererat.

375 1618 640 1672 Archetypo
664 1615 838 1672 optime
870 1617 1064 1658 fortasse
1093 1614 1403 1670 expediuntur
1435 1613 1656 1656 lectiones
1680 1627 1788 1669 quo-

239 1704 327 1745 que
365 1688 678 1743 discrepantes
723 1686 810 1729 loci
849 1689 901 1730 V.
937 1689 972 1729 2.
1011 1689 1079 1728 12:
1127 1687 1229 1728 mel.
1272 1687 1650 1739 ὃιηγκυλωμένουςς
1699 1684 1786 1726 det.

241 1761 621 1816 διηγκυλωμένους
654 1757 780 1801 Suid.
811 1759 861 1813 (S.
885 1773 924 1800 v.
959 1757 1308 1811 ὄιηγκυλημένον)
1342 1755 1707 1810 ὁιῆῃκυλημιένους.

380 1856 454 1897 IV.
495 1857 530 1895 4.
576 1857 625 1894 14
672 1853 758 1895 det.
806 1854 895 1894 ὅσοι.
938 1851 984 1894 δὲ
1026 1853 1091 1892 ὅτε
1134 1852 1179 1891 τὸ
1223 1852 1433 1904 πρότερον
1475 1851 1673 1904 ἀπῄεσαν,
1718 1851 1790 1899 τὰς

238 1927 368 1971 οἰκίας
406 1923 654 1978 ἐνέπρησαις
699 1922 825 1966 Suid.
859 1923 908 1978 (s.
943 1939 982 1964 v.
1017 1922 1184 1978 (impia)
1227 1921 1339 1963 citat
1381 1923 1419 1964 οἷ
1464 1922 1508 1963 δὲ
1548 1921 1619 1967 τὰς
1660 1922 1791 1965 οἰκίας

238 1997 519 2050 ἐμπρήσαντες
564 1996 682 2049 δίκην
726 1995 886 2036 ἔδοσαν.
951 1994 1082 2047 Quae
1126 1991 1263 2034 lectio
1309 1994 1590 2046 ἐμπρήσαντες
1634 1994 1790 2047 (quam

238 2066 379 2108 habet
417 2064 557 2108 etiam
590 2067 632 2106 D
666 2062 1012 2120 Xenophontis)
1050 2078 1076 2105 a
1107 2061 1319 2118 plurimis
1352 2061 1462 2104 viris
1501 2061 1649 2104 doctis
1691 2075 1791 2118 pro-

237 2138 358 2190 bata,
403 2152 427 2179 3
470 2134 721 2189 nonnullis,
766 2141 818 2177 ut
862 2133 1068 2191 Sauppio
1114 2141 1159 2176 et
1202 2131 1443 2186 GemoHio,
1485 2131 1790 2188 Xenophonti

239 2206 418 2250 reddita
462 2214 532 2249 est
580 2221 684 2249 cum
728 2204 919 2261 agnosci
965 2205 1178 2248 videatur
1221 2202 1349 2246 libris
1390 2202 1670 2257 melioribus,
1712 2202 1790 2258 qui

241 2277 466 2320 omittunt
504 2279 570 2319 ὅτε
602 2278 657 2319 τὸ.
720 2279 793 2319 Ν6
825 2277 913 2318 1100
946 2275 1134 2332 quidem
1166 2277 1265 2317 loco
1299 2281 1380 2316 aut
1411 2273 1678 2316 melioribus
1711 2280 1793 2316 aut

240 2347 543 2392 deterioribus
582 2346 910 2403 Xenophontis
957 2346 1085 2388 libris
1133 2345 1379 2388 lectionem
1428 2345 1565 2387 debet
1609 2342 1791 2393 Suidas,

241 2434 358 2476 quae
391 2419 630 2461 commode
672 2417 889 2474 explicari
933 2424 1088 2473 potest
1120 2415 1354 2459 communi
1397 2416 1660 2471 archetypo,
1701 2429 1792 2470 quo

241 2489 287 2532 in
312 2489 427 2532 libro
450 2492 514 2532 ὅτε
536 2491 581 2532 τὸ
603 2488 790 2545 punctis
812 2490 1006 2531 fortasse
1029 2494 1126 2530 erat
1155 2487 1360 2529 deletum
1393 2494 1439 2529 et
1467 2485 1532 2527 illi
1563 2487 1792 2540 ἐνέπρησα)-

241 2559 605 2616 suprascriptum
622 2567 705 2602 aut
720 2558 921 2615 margini
940 2559 1216 2600 adnotatum
1239 2564 1337 2600 erat
1353 2559 1643 2611 ἐμπρήσαντες.
1689 2556 1793 2599 Cor-

242 2630 494 2673 rectionem
546 2630 673 2673 illam
724 2629 966 2672 meliorum
1019 2636 1178 2671 auctor
1230 2627 1365 2681 vidit,
1427 2627 1548 2669 hanc
1600 2627 1793 2669 alteram

242 2700 460 2756 neglexit.
524 2702 587 2746 Et
619 2703 684 2743 ὅτε
704 2701 749 2743 τὸ
782 2701 987 2743 detracto
1020 2714 1113 2742 non
1144 2698 1366 2740 miramur
1402 2704 1565 2753 postea
1596 2696 1644 2739 in
1667 2696 1792 2740 meli-

244 2786 343 2814 ores
376 2771 557 2815 illatum
596 2786 696 2814 esse
733 2772 803 2813 καὶ
839 2778 945 2826 post
984 2768 1181 2828 ἀπῄεσαν,
1225 2783 1315 2825 quo
1347 2767 1535 2811 vinculo
1572 2766 1793 2810 orationis

248 2849 400 2899 partes
424 2841 779 2898 coniungendae
796 2848 938 2884 erant.
956 2839 1209 2885 Suidianae
1228 2838 1477 2882 memoriae
1496 2846 1656 2882 auctor
1672 2845 1794 2881 recte
