2188 3268
947 211 1238 248 *14—

311 363 482 405 pessus.
546 350 710 403 Neque
754 354 907 389 tamen
954 346 1282 390 affirmaverim
1328 347 1582 403 genuinam
1622 346 1859 404 archetypi

312 418 586 475 scripturam
619 415 864 459 retinuisse
896 415 1064 460 librum
1096 418 1137 459 A
1170 417 1282 460 locis

453 490 528 531 IV.
564 491 598 529 7.
633 489 686 528 22
721 502 752 529 S.
782 503 822 530 v.
856 489 1016 542 γε’ῤῥον.
1079 490 1117 529 Α
1152 490 1394 543 ὠμοβώινα,
1426 490 1469 531 Ε
1497 491 1745 544 (ι’)μοβόεινα,
1779 495 1861 532 cet.

312 560 545 613 ὠμοβόινας

451 630 507 670 11.
543 630 578 670 6.
614 630 662 669 21
700 642 731 670 s.
767 644 806 671 v.
845 629 1015 671 Me‘vwv.
1078 631 1115 670 A
1150 621 1252 687 ᾤετο
1291 631 1393 672 ὁδόν
1437 629 1558 686 (cum
1595 629 1862 673 melioribus

315 697 441 740 libris
472 698 605 755 Xen.)
639 706 720 741 cet.
755 699 856 741 ὁδὸν
887 702 988 757 ᾤετο
1023 700 1144 755 (cum
1177 699 1480 743 deterioribus
1512 702 1664 756 Xen.);

453 771 529 812 IV.
554 771 590 811 5.
616 772 670 811 25
694 784 724 811 s.
751 786 788 812 v.
812 772 914 825 χιλή.
965 775 1018 814 A
1035 772 1259 825 ἐτρέφοντο
1283 770 1404 827 (cum
1427 770 1694 814 melioribus
1719 774 1865 826 Xen.),

314 838 452 882 ceteri
485 839 683 894 ἐτρέφετο
716 840 836 896 (cum
869 840 1173 884 deterioribus
1206 843 1356 898 Xen.);

452 911 528 954 IV.
563 913 600 952 3.
640 914 690 952 10
723 925 756 955 s,
787 927 826 953 v.
861 913 976 966 ἐξείη.
1046 913 1086 953 A
1121 913 1182 968 (et
1215 913 1255 957 E
1287 927 1343 954 m.
1378 913 1478 970 sec.)
1511 915 1708 956 καθεύδει
1741 916 1863 969 (cum

312 979 427 1023 libro
458 982 500 1023 A
531 982 679 1034 Xen.),
713 987 796 1023 cet.
827 983 1030 1024 καθεύδοι
1065 983 1186 1038 (cum
1221 982 1383 1026 ceteris
1414 982 1542 1026 libris
1575 985 1719 1039 Xen.).

451 1050 559 1093 Sola
617 1050 741 1094 enim
800 1050 969 1095 codicis
1022 1053 1061 1093 A
1113 1052 1389 1096 auctoritate
1448 1053 1553 1096 illae
1612 1053 1864 1111 scripturae

312 1128 536 1164 tutantur.

452 1192 592 1238 Liber
631 1193 666 1235 C
704 1193 904 1249 denique
950 1208 1043 1236 non
1084 1193 1227 1236 alium
1271 1195 1461 1250 praebet
1505 1209 1641 1237 usum
1687 1193 1775 1236 nisi
1815 1201 1867 1237 ut

312 1263 482 1305 damna
516 1262 684 1306 codicis
707 1265 749 1307 V
771 1265 995 1321 suppleat.
1061 1265 1266 1307 Maxima
1292 1264 1480 1321 quidem
1511 1264 1629 1308 fides
1651 1265 1866 1308 habenda

311 1340 382 1376 est
413 1333 702 1388 lectionibus,
736 1349 854 1390 quae
886 1336 943 1377 ab
972 1342 1169 1391 utraque
1202 1334 1378 1378 familia
1411 1337 1805 1378 commendantur.

455 1406 619 1460 Neque
652 1419 760 1448 vero
788 1404 1009 1448 librorum
1042 1405 1318 1449 auctoritate
1352 1405 1541 1462 cognita
1573 1414 1713 1462 atque
1745 1413 1869 1449 recte

312 1490 539 1531 perpensa
587 1474 759 1531 ubique
806 1475 1013 1532 genuina
1060 1476 1234 1520 Suidae
1286 1476 1513 1533 scriptura
1564 1484 1748 1533 praesto
1795 1475 1866 1520 fit:

312 1545 484 1589 etenim
508 1544 623 1589 vitia
656 1545 872 1590 omnibus
905 1547 1032 1590 libris
1054 1547 1384 1603 manuscriptis
1418 1547 1681 1590 communia
1714 1547 1868 1590 arche-

315 1623 490 1672 typum,
524 1617 648 1659 unde
680 1632 841 1660 omnes
873 1616 975 1660 libri
999 1617 1214 1662 Suidiani
1248 1617 1477 1674 originem
1510 1617 1738 1671 duxerint,
1772 1633 1865 1661 non

313 1686 406 1730 iam
438 1701 625 1743 prorsus
657 1686 895 1744 integrum
928 1688 1070 1731 fuisse
1104 1689 1422 1744 comprobant:

454 1759 514 1802 ΙΙ.
556 1760 591 1800 6.
642 1761 695 1800 26
744 1774 777 1801 s.
824 1775 863 1801 v.
902 1760 1062 1801 λΙένων
1118 1766 1260 1802 testes
1313 1774 1473 1802 omnes
1526 1761 1583 1802 ad
1635 1774 1720 1802 nos
1768 1774 1867 1815 pro-

312 1836 609 1885 pagaverunt
647 1830 913 1885 exemplum
951 1830 1088 1873 valde
1128 1837 1396 1886 corruptum
1438 1831 1511 1873 καὶ
1551 1824 1662 1884 παρ’
1696 1825 1760 1877 οἷς
1790 1831 1868 1885 μὲν

314 1901 507 1954 ἐπεχείρει
538 1902 780 1955 πρωτεύειν,
813 1902 1050 1955 διαβάλλων
1082 1903 1230 1955 φιλίαν,
1263 1902 1359 1953 τοὺς
1389 1904 1580 1958 πρώτους
1606 1903 1740 1955 τούτῳ
1762 1903 1868 1959 ᾤετο

318 1972 405 2013 δεῖν
435 1972 684 2025 κτήσασθαι.

457 2043 533 2085 IV.
564 2044 599 2083 7.
635 2044 685 2083 16
715 2056 746 2084 s.
777 2057 815 2084 v.
850 2043 1005 2097 ξυήλην
1036 2057 1119 2098 pro
1152 2045 1309 2099 σπάρτα
1341 2041 1441 2085 sine
1473 2057 1613 2085 sensu
1646 2041 1869 2085 exhibent

314 2113 351 2153 A
377 2114 412 2154 B
445 2114 505 2159 ὡς
535 2113 650 2167 παρὰ
682 2114 746 2161 τά,
779 2114 822 2156 V
853 2115 914 2160 ὡς
944 2115 1070 2170 παρά,
1104 2113 1145 2158 Ε
1176 2115 1271 2168 περὶ
1302 2116 1362 2156 τά.

457 2185 487 2225 I.
524 2186 558 2226 9.
594 2186 618 2226 6
652 2198 683 2226 s.
717 2200 756 2226 v.
790 2184 1018 2228 κατέκανεν
1055 2199 1137 2240 pro
1179 2186 1261 2226 ἀπὸ
1300 2190 1371 2227 τοῦ
1410 2187 1548 2227 ἵππου
1586 2184 1743 2241 inepte
1782 2199 1869 2227 ser-

314 2261 429 2296 vant
461 2255 500 2295 A
525 2256 560 2296 B
582 2256 626 2298 V
648 2254 689 2299 E
721 2255 804 2296 ὑπὸ
835 2260 908 2298 τοῦ
940 2257 1089 2298 ἵππου.

458 2326 537 2368 IV.
572 2327 608 2367 5.
643 2327 697 2366 27
737 2326 794 2368 ad
834 2326 1038 2381 glossam
1077 2327 1253 2383 γόνατον
1292 2327 1486 2369 adnotat
1525 2326 1867 2380 Bernhardyus:

314 2396 489 2442 „Locus
520 2395 871 2451 *Xenophonteus
910 2397 964 2438 ab
1006 2397 1231 2452 imperitis
1272 2397 1524 2438 hominibus
1566 2397 1779 2443 invectus,
1824 2397 1875 2437 id

316 2469 382 2507 est
411 2466 590 2521 glossae
637 2468 802 2519 γονύων
848 2467 956 2508 olim
1003 2467 1051 2508 z'n
1089 2468 1295 2523 margine
1342 2468 1568 2523 ascriptus
1605 2471 1649 2509 et
1685 2468 1870 2509 consilio

315 2551 375 2578 an
409 2540 571 2579 temere
607 2537 688 2578 sub
717 2538 935 2594 specimen
972 2552 1110 2580 novae
1141 2539 1450 2580 annotationis
1485 2543 1700 2580 coactzcs.“
1764 2539 1869 2592 Qua

316 2606 676 2663 interpolatione
707 2609 920 2651 laborant
952 2623 1113 2651 omnes
1146 2607 1335 2651 codices.

460 2679 495 2718 I.
534 2681 565 2721 1.
600 2682 624 2720 7
658 2694 689 2721 s.
712 2694 753 2722 v.
786 2681 1015 2734 ὑπολαβὼν
1046 2686 1094 2722 et
1125 2681 1157 2721 I.
1192 2682 1227 2722 2.
1263 2682 1311 2721 21
1350 2694 1380 2722 s.
1405 2695 1445 2722 V.
1480 2680 1678 2734 ἁμαξιτὸς
1709 2694 1870 2722 omnes

318 2745 421 2789 libri
454 2747 666 2791 Suidiani
701 2750 885 2792 Malcho
925 2749 1199 2803 attribuunt,
1239 2765 1356 2806 quae
1389 2757 1498 2793 sunt
1529 2749 1868 2808 Xenophontis.

321 2818 462 2860 Haud
495 2818 697 2873 fortuito,
736 2826 892 2862 censet
925 2821 1264 2876 Bernhardyus,
1305 2819 1475 2863 Malchi
1509 2835 1678 2863 nomen
1713 2821 1869 2863 sedem
