2188 3268
890 242 944 247 -,
1009 219 1180 258 41.-

259 362 461 404 multum
493 358 604 402 facit
634 359 692 401 ad
725 372 821 400 rem
853 363 1072 409 nostram,
1105 370 1219 398 num
1250 361 1491 411 peccatum
1524 352 1583 396 sit
1615 368 1641 395 a
1668 352 1811 395 Suida

260 447 320 474 an
354 447 380 474 a
412 428 607 472 librariis
639 428 749 481 eius,
789 442 893 470 cum
925 434 1083 470 nostra
1119 425 1322 468 maxime
1359 423 1542 467 intersit
1573 424 1811 480 explorare

260 503 396 558 quale
427 499 565 542 fuerit
595 499 830 554 exemplar
861 497 1150 541 Suidianum.

400 571 473 612 Ad
515 570 893 625 cognoscendum
926 575 1093 621 autem,
1127 566 1294 623 quibus
1326 565 1437 609 locis
1471 566 1682 608 consulto
1713 579 1812 607 mu-

261 641 429 685 taverit
475 627 832 695 lexicographus
880 665 936 670 —
991 654 1100 681 nam
1147 638 1227 681 vix
1272 637 1559 679 monendum
1606 635 1811 680 arbitror,

260 713 455 756 Suidam
486 713 664 754 fontem
687 725 825 753 suum
848 709 947 752 sine
969 710 1245 751 mendorum
1268 709 1340 750 vel
1365 707 1528 750 erroris
1550 705 1811 763 suspicione

261 781 566 838 descripsisse,
599 788 652 823 ut
682 781 928 823 hominum
956 778 1317 833 Byzantinorum
1348 777 1592 833 ingenium
1625 778 1682 820 ab
1716 784 1812 819 arte

261 853 418 896 critica
449 850 810 895 remotissimum
832 850 921 894 fuit
942 876 996 881 —
1020 851 1278 892 luculenter
1299 864 1383 890 nos
1406 847 1656 901 adiuvabit,
1690 848 1811 903 quod

260 924 353 966 iam
386 938 525 980 supra
558 924 615 965 de
647 921 820 967 Suidae
852 920 1127 977 excerpendi
1160 919 1338 962 ratione
1361 918 1510 962 edocti
1534 933 1706 972 sumus,
1739 918 1811 960 cui

260 1001 497 1052 praeterea
534 994 618 1036 has
656 993 812 1049 potius
851 991 1192 1034 vindicabimus
1228 989 1463 1043 lectiones,
1500 1004 1638 1045 quam
1671 995 1724 1031 ut
1756 989 1811 1031 ad

261 1064 578 1121 lexicographi
612 1065 847 1121 exemplar
879 1064 1164 1118 delegemus:

405 1138 436 1178 1.
460 1138 496 1178 5.
525 1139 575 1177 10
608 1136 681 1176 Ad
703 1135 1047 1191 Xenophonteo·
1076 1134 1287 1187 διφθέρας
1315 1123 1367 1182 ἃς
1398 1127 1514 1185 εἶχον
1547 1131 1814 1184 στεγάσματα

265 1207 556 1261 ἐπίμπλασαν
586 1205 737 1263 χόρτοι·
767 1204 947 1260 κούφου,
983 1206 1073 1247 εἶτα
1107 1207 1287 1260 συνῆγον
1307 1201 1381 1244 καὶ
1404 1201 1625 1245 συνέσπων
1647 1200 1815 1243 adiecit

261 1276 428 1319 Suidas
475 1277 525 1332 (s,
566 1293 604 1319 v.
652 1275 816 1332 κάρφη)
862 1273 943 1327 τὰς
993 1274 1215 1328 διφθέρας,
1263 1273 1386 1328 quod
1433 1273 1491 1314 ad
1533 1270 1813 1314 sententiam

261 1348 567 1403 supplendam
601 1362 707 1390 eum
738 1346 900 1390 fecisse
932 1345 1212 1404 putabimus,
1244 1344 1322 1401 qui
1351 1359 1463 1387 usus
1485 1342 1657 1387 Suidae
1679 1342 1815 1385 valde

261 1418 351 1460 fuit
382 1417 620 1460 familiaris
653 1419 726 1473 (cf.
750 1433 790 1474 p.
819 1421 897 1471 17).

405 1489 546 1531 Haud
585 1487 767 1531 diverso
807 1487 998 1531 consilio
1038 1489 1115 1531 IV.
1149 1490 1185 1530 5.
1220 1490 1274 1528 27
1320 1485 1486 1528 Suidas
1523 1485 1574 1541 (s.
1605 1501 1644 1527 v.
1683 1483 1816 1539 μυζεῖ)

263 1560 320 1602 ad
353 1561 423 1601 καὶ
453 1558 565 1601 πάνυ
598 1562 779 1613 ἄκρατος
810 1560 861 1614 ἢν
883 1558 1049 1601 ascivit
1077 1573 1101 1600 e
1125 1564 1346 1600 contextu
1369 1559 1392 1599 ὁ
1416 1559 1542 1609 οῗιὀς;
1576 1570 1669 1598 non
1694 1562 1815 1597 recte

260 1629 586 1672 iudicaverunt
624 1629 710 1672 viri
746 1629 869 1672 docti
911 1644 935 1671 e
966 1628 1138 1672 Suidae
1177 1628 1293 1671 libro
1326 1630 1349 1670 ὁ
1382 1630 1491 1673 οἶνος
1530 1640 1629 1668 esse
1661 1624 1816 1667 rescri-

261 1701 478 1743 bendum.
541 1699 713 1756 Liquet
746 1699 872 1742 enirn
905 1699 1004 1742 sine
1036 1699 1115 1742 illo
1148 1698 1467 1742 additamento
1499 1698 1814 1752 fragmentum

261 1770 541 1814 Suidianum
573 1786 666 1813 non
701 1785 800 1813 esse
832 1769 1138 1826 perspicuum.

403 1844 502 1883 Nec
553 1840 841 1884 considerate
893 1840 980 1883 viri
1025 1839 1148 1883 docti
1196 1839 1244 1881 in
1296 1846 1428 1882 textu
1474 1838 1815 1893 Xenophonteo

263 1914 341 1956 IV.
376 1915 411 1954 2.
445 1915 500 1953 22
539 1913 609 1954 καὶ
646 1913 725 1966 γὰρ
764 1914 876 1963 οἶνος
912 1912 1041 1958 πολὺς
1077 1912 1139 1966 ἦν,
1178 1913 1287 1953 ὥστε
1325 1912 1367 1952 ἒν
1403 1908 1578 1954 λάκκοις
1614 1912 1818 1958 κονιατοῒέ

264 1985 375 2037 εἶχον
413 1997 437 2025 e
474 1981 672 2025 lectione
710 1981 883 2025 Suidae
922 1983 977 2039 (v.
1010 1982 1343 2037 κεκονιαμένοις)
1382 1982 1495 2031 οἶνος
1527 1981 1572 2022 δὲ
1603 1980 1664 2034 ἦν,
1697 1981 1745 2020 ὃν
1777 1980 1818 2020 ἕν

261 2052 434 2100 λάκκοις
476 2059 680 2104 κονιατοῖς
721 2055 831 2108 εἶχον
874 2067 955 2108 pro
997 2054 1103 2094 ὥστε
1145 2051 1388 2094 restituere
1432 2051 1713 2093 studuerunt
1753 2051 1816 2098 52⁵3

263 2123 478 2180 equidem
495 2139 589 2166 non
608 2123 782 2177 dubito,
805 2123 916 2179 quin
934 2121 1304 2179 lexicographus,
1323 2136 1428 2164 cum
1446 2119 1652 2163 omiserit
1669 2122 1816 2171 πολύς,

264 2195 388 2251 quod
428 2194 753 2237 consuetudini
790 2194 889 2237 eius
928 2193 1256 2250 imputandum
1289 2200 1369 2246 est,
1411 2193 1534 2235 bona
1572 2205 1710 2234 causa
1742 2205 1819 2246 po-

263 2264 408 2308 suerit
440 2267 488 2308 ὅν
518 2280 600 2322 pro
632 2267 747 2308 ὥστε.

406 2338 525 2378 Item
573 2338 649 2380 IV.
693 2339 728 2378 2.
769 2339 793 2377 2
846 2335 1088 2378 brevitatis
1135 2349 1274 2377 causa
1319 2332 1582 2376 exaravisse
1625 2330 1819 2375 Suidam

263 2407 315 2462 (S.
338 2423 378 2450 Υ.
410 2410 670 2462 προσέχοιεν)
707 2409 832 2462 ταύτῃ
872 2421 954 2463 pro
993 2409 1117 2461 ταύτῃ
1157 2411 1206 2460 τῇ
1244 2407 1335 2459 ὁδῷ
1372 2403 1419 2446 in
1458 2403 1705 2460 propatulo
1737 2409 1817 2445 est.

407 2480 544 2520 Porro
583 2492 701 2534 quae
738 2478 962 2533 leguntur
999 2477 1124 2534 apud
1162 2478 1279 2518 Xen.
1313 2477 1345 2518 1.
1380 2478 1420 2518 9.
1457 2477 1507 2516 16
1539 2473 1636 2528 περὶ
1667 2474 1820 2518 παντὸς

265 2550 440 2592 ἐποιεῖτο
477 2552 649 2601 τούτους
687 2551 1023 2605 πλουσιωτέρους
1058 2554 1192 2591 ποιεῖν
1229 2548 1352 2603 apud
1390 2545 1513 2588 Suid.
1558 2546 1608 2601 (s.
1644 2561 1684 2587 v.
1718 2545 1820 2598 περὶ

263 2621 432 2671 παντός)
466 2618 531 2662 ita
563 2620 834 2676 reperimus:
867 2622 890 2662 ὁ
924 2622 968 2662 δὲ
1000 2620 1146 2673 Κῦρος
1175 2619 1275 2669 τοὺς
1305 2619 1493 2668 δικαίους
1528 2617 1620 2670 περὶ
1657 2616 1820 2661 παντὸς

266 2691 438 2732 ἐποιεῖτο
475 2692 698 2737 πλουσίους
733 2696 871 2733 ποιεῖν.
935 2693 1008 2733 Ne
1039 2690 1128 2732 hoc
1159 2688 1346 2745 quidem
1379 2689 1478 2730 loco
1511 2686 1682 2729 sentire
1714 2685 1821 2727 licet

264 2761 488 2807 πλουσίους
517 2760 686 2816 legisse
718 2760 912 2804 Suidam
945 2760 990 2802 in
1025 2758 1276 2815 exemplari
1299 2773 1395 2801 suo.
1456 2760 1579 2800 Nam
1602 2771 1708 2799 cum
1732 2755 1821 2798 alia

265 2830 518 2874 mutaverit
564 2830 611 2873 in
659 2832 746 2873 hac
793 2830 1024 2874 sententia
1071 2831 1413 2886 Xenophontea
1458 2855 1513 2860 -—
1560 2827 1674 2870 illud
1713 2830 1735 2869 ὁ
1778 2829 1822 2870 δὲ
