2188 3268
916 219 1207 257 ..44-

287 361 506 414 ὁιφθέρας;
540 357 665 401 Suid.
691 356 737 413 (S.
763 372 802 398 v.
827 355 1170 414 ὁιηγκυλημένον)
1193 370 1278 398 om.
1302 355 1386 407 τάς.
1437 355 1618 411 Peperit
1640 368 1837 397 errorem

286 430 462 484 syllaba
493 445 564 474 τας
595 426 722 470 vocis
753 425 1072 482 praecedentis
1103 427 1266 481 μεστὰς.

428 502 459 541 Ι.
495 502 530 541 8.
564 501 589 540 3
622 497 748 541 Suid.
795 498 845 553 (S.
879 513 919 540 v.
951 496 1106 554 παλτά)
1149 499 1212 539 ἐπὶ
1249 498 1320 544 τὰς
1363 503 1505 552 χεῖρας
1543 512 1624 554 pro
1671 498 1729 547 εἷ,-
1769 496 1839 541 τὰς

286 576 437 625 χεῖρας,
470 575 738 624 corruptum
771 569 829 610 ob
862 567 990 610 brevi
1023 568 1303 624 praecedens
1335 570 1399 609 ἐπὶ
1429 569 1500 610 τὸν
1531 569 1669 610 ἵππον.

426 642 478 683 V.
512 642 548 681 2.
587 641 637 680 12
671 637 797 682 Suid.
831 640 880 694 (S.
911 654 950 682 v.
986 640 1332 693 ὂιηγκυλημένον)
1373 640 1514 693 ὁεῆσοι
1556 653 1636 693 pro
1676 639 1837 691 δεῆσον,

286 711 409 766 quod
448 708 688 752 evidenter
734 707 907 751 librarii
945 709 1337 765 depravaverunt:
1387 724 1495 751 nam
1539 723 1563 751 e
1602 707 1754 750 littera
1794 709 1835 748 N

286 782 532 823 obscurata
563 779 779 836 perfacile
811 778 904 836 legi
939 782 958 821 I
992 794 1131 835 supra
1163 795 1203 836 p.
1238 782 1368 824 27139
1403 779 1508 821 dixi.

428 852 520 895 Sed
552 850 646 893 iam
669 850 782 893 satis
814 851 1042 893 habemus
1074 850 1121 892 in
1155 849 1382 892 eiusmodi
1414 849 1692 892 lectionibus
1716 857 1837 892 certo

285 936 564 978 cognoscere
596 920 872 977 scripturam
905 936 930 963 a
963 919 1160 963 librariis
1193 926 1293 963 esse
1326 927 1598 976 corruptam.

429 992 624 1035 Duobus
664 998 821 1034 autem
853 990 965 1033 locis
997 989 1294 1047 interpolatio
1333 991 1454 1034 facta
1492 998 1562 1033 est
1592 989 1839 1032 manifesto

285 1079 311 1106 a
343 1062 515 1107 Suidae
547 1061 682 1104 lexici
715 1060 932 1104 librariis:

427 1136 503 1178 IV.
538 1137 570 1176 1.
605 1137 658 1176 23
692 1133 818 1177 Suid.
853 1133 904 1188 (S.
928 1149 966 1175 v.
996 1132 1228 1187 ‹hoes'slcpzoaff
1261 1131 1400 1186 ἔλεγον
1433 1157 1487 1162 —-
1520 1130 1842 1185 κατεσφάγησαν

284 1221 367 1262 pro
399 1207 532 1260 ἔλεγεν
565 1231 619 1236 -
651 1206 905 1259 κατεσφάγη.
1890 1191 1893 1194 ,

428 1278 504 1320 IV.
540 1279 576 1319 5.
611 1279 665 1318 28
700 1275 826 1320 Suid.
860 1276 910 1332 (S.
935 1292 974 1318 v.
1000 1275 1380 1330 ἀντεμπλήσαντες)
1413 1276 1602 1317 ἐκέλευον
1623 1300 1681 1305 —
1701 1276 1840 1330 λέγον-

283 1364 350 1394 τες
380 1361 463 1403 pro
496 1347 660 1390 ἐκέλευε
683 1372 737 1377 —-
760 1348 902 1401 λέγων.
966 1348 1147 1401 Nempe
1171 1352 1271 1387 tum
1304 1346 1492 1387 demum
1511 1343 1651 1387 ‘nasci
1685 1350 1842 1400 potue-

285 1426 396 1462 runt
443 1417 838 1474 interpolationes,
887 1432 993 1460 cum
1041 1417 1253 1472 exempla
1299 1432 1324 1459 e
1365 1416 1587 1459 continua
1634 1414 1842 1457 oratione

286 1490 438 1532 soluta
470 1496 612 1532 erant.

429 1562 530 1603 Has
582 1559 782 1615 denique
844 1558 1066 1601 lectiones
1118 1557 1312 1602 Suidam
1374 1557 1420 1600 in
1484 1557 1583 1614 ipso
1646 1571 1699 1599 eo
1752 1571 1843 1612 quo

286 1632 507 1674 utebatur
567 1630 726 1673 codice
787 1629 1023 1672 invenisse
1086 1628 1240 1685 aliqua
1293 1628 1539 1671 securitate
1591 1626 1841 1670 asseverari

286 1709 462 1758 potest:

343 1775 375 1815 I.
410 1776 446 1815 2.
481 1775 530 1814 21
568 1771 695 1816 Suid.
729 1772 780 1828 (S.
814 1787 853 1814 v.
888 1773 1105 1825 ἄμαξιτός)
1139 1769 1310 1825 ἰσχυράς
1345 1771 1471 1812 codd.
1506 1772 1621 1812 Xen.
1655 1772 1844 1824 ἰσχυρῶς.

343 1845 375 1886 Ι.
406 1846 442 1886 5.
481 1846 531 1885 12
565 1842 692 1886 Suid.
717 1843 767 1898 (S.
788 1858 827 1885 V.
852 1841 978 1897 ἵησιν)
1000 1843 1242 1895 προσιόντας
1277 1841 1405 1883 codd.
1429 1843 1544 1883 Xen.
1570 1842 1844 1883 διελαύνοντα.

344 1916 375 1956 Ι.
410 1917 446 1956 5.
486 1917 536 1955 10
569 1912 696 1957 Suid.
751 1917 798 1965 (S.
848 1929 890 1956 v.
939 1910 1104 1967 κάρφη)
1158 1911 1490 1967 σκεπάσλιιαταῑᾋ
1544 1911 1675 1954 codd.
1727 1912 1843 1953 Xen.

571 1982 846 2038 στεγάσματα.

343 2057 376 2098 Ι.
411 2058 447 2098 8.
482 2058 506 2097 8
569 2054 697 2098 Suid.
731 2055 782 2110 (S.
808 2070 846 2097 v.
882 2054 1009 2110 δείλη)
1042 2053 1223 2108 ἐγένετο;
1258 2054 1385 2096 codd.
1418 2055 1534 2096 Xen.
1569 2055 1756 2107 ἐγίγνετο.

346 2128 377 2169 Ι.
412 2129 447 2168 8.
488 2129 538 2168 10
571 2124 698 2169 Suid.
733 2127 783 2182 (s.
806 2141 847 2167 v.
872 2125 1214 2183 ὁρεπανηφόρος)
1238 2125 1571 2181 ἐνετύγχανονῖ);
1603 2125 1704 2166 mel.
1730 2126 1844 2166 Xen.

573 2194 876 2254 §vzvyxcivoaem
911 2196 998 2238 det.
1033 2197 1248 2250 ἐντύχοιεν.

323 2270 380 2311 ΙΙ.
420 2271 451 2310 1.
491 2270 540 2309 18
574 2266 701 2311 Suid.
736 2267 787 2322 (S.
812 2282 850 2308 v.
878 2266 1048 2322 ὗπῆγεν)
1080 2260 1210 2308 ταῦθ)
1242 2268 1388 2320 ὕπῆγε;
1422 2266 1549 2308 codd.
1574 2267 1688 2307 Xen.
1722 2270 1846 2306 ταῦτα

572 2339 762 2392 ὑπήγετο.

321 2411 379 2451 ΙΙ.
414 2412 449 2451 3.
489 2412 538 2450 18
573 2407 700 2451 Suid.
741 2412 786 2460 (S.
819 2423 859 2450 v.
895 2410 1072 2464 εὕριμια)
1118 2407 1514 2461 ἒλιιπεπτο)κότα;3);
1562 2406 1689 2449 codd.
1729 2408 1843 2448 Xen.

572 2480 851 2525 πεπτωκότας.

438 2657 470 2713 ¹)
503 2661 637 2704 Quam
668 2661 885 2698 lectionem
917 2660 1154 2696 Kuehnerus
1187 2664 1227 2696 et
1259 2657 1536 2706 Bernhardyus
1568 2658 1845 2707 probaverunt.

437 2718 470 2768 2)
503 2720 648 2756 Suidae
681 2719 710 2756 B
734 2719 765 2756 C
798 2715 1040 2770 ἕτύγχανον;
1074 2718 1108 2755 Ε
1138 2716 1353 2769 ἐντύχοιεν.

438 2778 469 2827 3)
505 2779 621 2821 Quae
654 2779 772 2815 lectio
806 2777 997 2815 Suidiana
1031 2790 1053 2813 a
1085 2777 1234 2814 Zeunio
1269 2782 1308 2813 et
1340 2776 1628 2824 Oudendorpio
1669 2776 1707 2812 in
1740 2779 1846 2811 textu

293 2836 423 2884 posita
457 2844 528 2877 est.
