2188 3268
964 188 1293 249 —18—⁴

331 327 565 380 δεσπόταις)
613 323 885 378 ἀποκείμεναι
932 325 1146 366 ἀπόλεκτοι
1196 325 1313 379 ἦσαν.
1393 326 1731 381 Exspectamus
1777 325 1879 369 Sui-

330 398 436 439 dam
483 411 565 451 pro
604 393 645 437 αἱ
687 395 742 447 δὲ,
789 394 911 449 quod
960 393 1006 436 in
1055 402 1272 450 excerpto
1319 394 1529 452 intellegi
1578 411 1671 439 non
1716 403 1878 452 potest,

333 469 375 509 αἱ
407 467 451 508 δὲ
481 467 656 520 βάλανοι
688 471 901 507 accurate
933 463 1213 520 scripturum
1245 465 1397 508 fuisse.

473 545 620 588 Maior
662 545 733 588 vis
781 546 1131 589 demonstrandi
1184 547 1307 590 inest
1357 550 1568 604 exemplo
1615 548 1741 591 vocis
1793 548 1878 592 ἐνέ-

330 619 458 672 βαλεν
501 615 803 672 transscripto
843 631 899 659 ex
931 617 1080 660 Anab.
1119 619 1150 660 Ι.
1185 621 1222 661 5.
1260 622 1322 672 11,
1366 617 1445 661 ubi
1483 634 1565 676 pro
1605 621 1628 661 ὁ
1666 620 1881 674 Κλέαρχος

329 687 528 730 breviter
564 685 722 742 posuit
757 689 781 729 ὁ
821 689 876 736 δὲ,
920 703 1002 744 pro
1044 689 1114 731 τὸν
1154 694 1225 731 τοῦ
1263 690 1471 736 Μένωνος
1513 688 1661 732 obiter
1698 688 1881 746 scripsit

327 763 472 800 τοῦτον
510 764 556 800 et
593 756 720 800 vocis
769 759 1007 815 διαγγέλων
1046 759 1144 814 (ΙΙΙ.
1180 763 1215 801 4.
1251 760 1332 815 36),
1381 759 1459 802 ubi
1500 766 1621 802 certe
1668 761 1880 803 consulto

328 827 484 870 omisit
516 827 556 871 οὶ
581 829 790 883 Ἕλληνες.

471 911 602 964 Quae
624 910 878 966 specimina
911 911 1192 954 contrarium
1225 914 1363 968 plane
1385 912 1592 955 studium
1626 914 1881 957 ostendunt

329 980 419 1023 illis
452 980 731 1034 nominibus,
764 996 882 1037 quae
914 989 1025 1024 sunt
1057 983 1180 1038 apud
1203 984 1577 1038 Xenophontem,
1610 984 1879 1041 suppressis.

469 1064 625 1118 Atque
656 1062 797 1106 etiam
830 1062 1035 1119 alioquin
1069 1063 1184 1106 mihi
1217 1065 1437 1120 persuasi,
1485 1065 1679 1109 Suidam
1719 1065 1765 1108 in
1806 1081 1880 1108 ex-

329 1134 557 1190 cerpendo
600 1141 772 1176 certam
817 1148 1027 1176 normam
1071 1149 1163 1177 non
1211 1150 1310 1177 esse
1358 1143 1581 1189 secutum,
1628 1135 1784 1192 potius
1823 1137 1879 1178 ad

329 1203 571 1246 libidinem
611 1203 878 1247 exhibuisse
909 1206 1264 1261 Xenophontea.
1330 1205 1472 1248 Cuius
1510 1206 1574 1248 rei
1615 1207 1881 1262 exemplum

330 1274 377 1317 in
400 1274 607 1317 medium
629 1274 705 1317 hic
726 1276 989 1331 producam.
1054 1277 1141 1320 Est
1173 1278 1300 1319 locus
1335 1278 1394 1320 H.
1419 1280 1455 1319 3.
1484 1280 1548 1325 11,
1580 1292 1718 1333 quem
1751 1276 1883 1320 aliter

329 1345 492 1390 citavit
531 1346 864 1403 grammaticus
903 1362 934 1390 s.
969 1363 1009 1390 v.
1047 1349 1290 1402 βλακεύεται
1329 1356 1468 1404 atque
1507 1363 1537 1390 s.
1568 1364 1608 1391 v.
1648 1347 1883 1403 ἐπιτήδειος

329 1418 400 1473 (cf.
420 1432 460 1473 p.
485 1420 534 1459 15
549 1432 624 1473 sq.‚
646 1416 726 1460 ubi
750 1417 890 1460 etiam
912 1419 1123 1474 exempla
1144 1419 1324 1474 prolata
1342 1418 1564 1475 reperies).
1606 1417 1882 1462 Differentia

329 1494 486 1531 autem
520 1487 693 1530 citandi
727 1488 879 1545 posita
911 1496 981 1531 est
1007 1488 1055 1530 in
1079 1488 1328 1532 afferendis
1350 1489 1503 1532 verbis
1526 1489 1881 1545 Xenophonteis

328 1561 371 1600 ἓν
401 1560 478 1613 μὲν
509 1564 557 1614 τῇ
590 1561 787 1617 ἀριστερᾷ
816 1561 925 1614 χειρὶ
955 1560 1001 1602 τὸ
1025 1561 1128 1613 δόρυ
1152 1562 1270 1615 ἔχων,
1303 1562 1346 1602 ἒν
1369 1561 1413 1602 δὲ
1434 1566 1483 1615 τῇ
1506 1562 1622 1615 δεξιᾷ
1642 1563 1881 1616 βακτηρίαν,

327 1644 445 1685 quae
478 1630 534 1671 ad
568 1628 867 1672 illustrandas
900 1629 1002 1672 illas
1026 1631 1205 1686 glossas
1229 1646 1322 1673 non
1348 1630 1466 1673 tanti
1490 1637 1622 1673 erant
1642 1631 1880 1674 momenti.

328 1702 396 1744 Ut
427 1707 584 1743 autem
616 1715 743 1742 more
775 1715 859 1742 suo
893 1700 1173 1743 sententiam
1204 1700 1401 1757 exempli
1432 1702 1603 1744 faceret
1631 1703 1881 1757 perfectam

328 1777 467 1827 atque
497 1770 760 1824 dilucidam,
793 1786 886 1813 non
910 1770 1143 1827 integram
1167 1771 1365 1827 quidem,
1398 1773 1478 1814 sed
1502 1773 1624 1828 quod
1647 1787 1882 1815 summum

329 1848 427 1884 erat
448 1840 682 1895 orationis,
706 1841 1036 1898 transsumpsit
1056 1843 1195 1884 modo
1219 1837 1241 1885 ὁ
1265 1843 1312 1886 δὲ
1333 1842 1573 1897 βακτηρίαν
1595 1845 1703 1898 ἔχων
1720 1842 1884 1886 leviter

331 1911 555 1955 exhibens
587 1913 726 1955 modo
755 1911 896 1955 etiam
919 1912 1106 1955 brevius
1127 1917 1179 1970 τῇ
1201 1912 1426 1972 βακτηρίᾳ,
1456 1914 1577 1969 quod
1601 1913 1723 1956 idem
1747 1915 1882 1967 valet,

330 1984 545 2039 quodque
584 1982 843 2026 necessario
882 1983 928 2025 in
963 1983 1058 2026 fine
1097 1983 1347 2039 fragffnenti
1381 1983 1598 2040 apposuit
1635 1983 1702 2027 illi
1735 1987 1883 2029 ἔπαιεν

332 2047 397 2097 ἅν.
469 2054 618 2097 Causa
666 2053 807 2096 huius
854 2053 1129 2110 excerpendi
1179 2053 1517 2110 discrepantiae
1565 2055 1662 2098 erui
1708 2055 1882 2112 nequit,

331 2125 453 2180 quod
487 2139 596 2167 vero
620 2140 651 2167 s.
677 2141 717 2168 v.
751 2124 1010 2182 ἐπιτήδειος
1041 2124 1198 2167 omisit
1221 2127 1361 2168 verba
1393 2130 1473 2168 τῶν
1506 2128 1626 2180 πρὸς
1656 2132 1785 2170 τοῦτο
1816 2143 1881 2170 τε-

327 2195 563 2252 ταγμένων,
587 2202 746 2238 contra
770 2211 850 2238 sv.
863 2194 1115 2250 βλακεύεται
1134 2195 1365 2251 integram
1390 2195 1591 2239 reddidit
1613 2195 1881 2250 orationem,

329 2272 450 2308 recte
489 2266 682 2308 fortasse
721 2281 774 2308 eo
815 2265 1079 2322 explicabis,
1119 2267 1242 2322 quod
1280 2265 1326 2308 in
1367 2267 1454 2309 hac
1490 2266 1591 2323 ipsa
1623 2267 1883 2311 sententiae

328 2343 458 2391 parte
480 2335 719 2379 invenitur
741 2338 897 2392 glossa
918 2339 1183 2391 βλακεύεται,
1219 2336 1350 2379 cuius
1373 2337 1523 2393 gratia
1547 2337 1709 2381 citavit
1730 2340 1882 2381 Xeno-

333 2407 538 2462 phontea
571 2406 939 2463 lexicographus.

474 2491 572 2532 Iam
605 2490 693 2532 hoc
726 2491 938 2546 exemplo
971 2489 1096 2541 aliud
1129 2489 1302 2533 Suidae
1331 2489 1538 2533 studium
1562 2490 1882 2547 cognovimus.

331 2561 385 2601 In
418 2559 579 2603 multis
611 2560 734 2603 enim
767 2560 879 2604 locis
912 2560 1225 2604 describendis
1258 2560 1500 2617 negotium
1534 2576 1671 2604 suum
1693 2561 1881 2605 liberius

330 2630 510 2685 peregit
555 2630 803 2674 subtractis
847 2632 1040 2675 vocibus
1084 2633 1157 2675 vel
1198 2631 1428 2686 membris,
1468 2647 1572 2675 cum
1611 2632 1710 2675 sine
1748 2632 1882 2675 detri-

330 2707 488 2743 mento
514 2701 773 2745 sententiae
795 2701 894 2745 fieri
918 2702 1137 2759 potuerit;
1161 2702 1292 2745 cuius
1315 2701 1377 2745 rei
1397 2704 1714 2760 exemplorum
1737 2703 1883 2747 instar

331 2769 441 2812 Sint:
