2118 3273
809 246 1096 285 „23-

176 384 444 429 memoriam
466 383 751 440 exemplaris,
780 385 901 440 quod
924 383 1097 427 Suidae
1118 383 1165 427 in
1188 383 1404 427 manibus
1426 383 1525 437 fuit,
1555 400 1581 426 a
1603 383 1723 426 codi-

177 470 280 499 cum
301 453 628 511 Xenophontis
660 455 860 511 probant
880 453 1006 508 vitia,
1039 469 1157 510 quae
1183 454 1398 498 omnibus
1420 453 1547 497 libris
1570 456 1722 496 Xeno-

176 524 393 583 phonteis
427 539 531 567 cum
563 524 643 568 illo
675 532 786 568 sunt
817 524 1100 568 communia:

315 597 394 639 IV.
419 598 455 638 5.
480 599 534 637 24
568 596 743 639 Omnes
775 595 878 638 libri
909 595 1239 651 Xenophontei
1272 597 1496 652 praebent
1528 597 1721 638 ἑπτακαί-

176 669 292 716 δεκα,
354 667 476 722 quod
528 667 833 722 depravatum
895 681 994 709 esse
1044 665 1231 722 plurimi
1294 665 1567 722 interpretes
1620 681 1723 708 con-

178 736 403 787 sentiunt;
438 751 578 793 quam
610 737 918 794 corruptelam
950 737 1073 792 apud
1096 736 1290 780 Suidam
1324 751 1506 792 quoque
1538 735 1722 780 invenis

175 810 222 863 (s.
245 824 286 851 v.
321 808 507 862 δασμός),
539 806 628 850 nisi
661 822 744 863 pro
775 806 932 850 Attica
963 808 1109 850 forma
1142 808 1437 850 ἑπτακαίδεκα
1470 806 1620 864 posita
1653 814 1723 849 est

174 878 430 934 Byzantina
463 876 678 921 δεκαεπτά.
743 878 805 921 Cf.
838 893 879 934 p.
913 881 979 920 21.

313 951 368 993 V.
394 953 429 992 4.
458 952 508 991 12
540 948 718 1004 ἔστησαν
739 950 884 1004 ὥσπερ
908 980 917 989 .
939 983 946 992 .
971 984 978 991 .
1001 950 1176 1004 μάλιστα
1198 950 1285 992 οἷον
1309 948 1396 1005 (vel
1421 948 1473 1005 οἱ)
1496 950 1625 1004 χοροί,
1658 947 1722 989 sic

180 1019 282 1063 libri
329 1019 658 1076 Xenophontis
710 1027 756 1062 et
801 1019 928 1063 Suid.
944 1020 971 1076 ¹)
1020 1035 1051 1062 s.
1088 1035 1131 1063 v.
1180 1021 1535 1073 ἀντιστοιχοῦντες.
1614 1021 1724 1060 Post

175 1094 355 1145 ἔστησαν
402 1090 574 1134 delevit
619 1093 769 1145 ὥσπερ
807 1090 1094 1146 Stephanus,
1142 1090 1263 1145 quod
1313 1090 1538 1132 suadente
1577 1091 1723 1134 Leon-

178 1160 324 1204 clavio
343 1168 728 1218 transposuerunt
744 1168 852 1203 ante
869 1160 908 1204 οἳ
925 1161 1049 1216 χοροὶ
1069 1175 1173 1203 cum
1191 1159 1397 1204 Weiskio
1412 1159 1723 1203 Schneiderus

176 1239 222 1274 et
254 1231 467 1275 nonnulli
501 1232 588 1275 alii.
652 1231 800 1275 Ceteri
834 1247 994 1274 omnes
1027 1233 1170 1287 ὥσπερ
1201 1230 1445 1273 eiecerunt.
1510 1230 1572 1272 Cf.
1590 1245 1631 1285 p.
1656 1233 1722 1272 40.

314 1305 391 1347 IV.
432 1307 467 1345 7.
509 1306 532 1345 6
581 1301 709 1349 Libri
749 1305 865 1345 Xen.
906 1310 952 1345 et
989 1301 1115 1346 Suid.
1165 1302 1217 1358 (S.
1252 1318 1291 1344 v.
1341 1301 1483 1357 πίτυς)
1534 1308 1723 1343 servant

173 1376 265 1415 ἀνθ’
299 1374 360 1416 ὧν
392 1372 632 1430 ἑστηκότες,
668 1388 807 1430 quam
829 1374 1044 1416 voculam
1076 1375 1168 1414 ἀνθ’
1202 1386 1303 1414 esse
1335 1378 1598 1428 corruptam
1630 1372 1722 1426 ple-

172 1444 302 1500 rique
331 1443 529 1486 editores
551 1458 824 1499 persuasum
846 1445 1032 1486 habent.
1072 1443 1340 1499 Stephanus
1364 1441 1560 1484 coniecit
1582 1441 1722 1496 ἔφ’ὧν,

172 1514 555 1558 Hutschinsonus
592 1509 743 1569 {rqe'czm
777 1516 1047 1570 Kruegerus
1071 1516 1210 1556 ἀντίον
1233 1514 1294 1556 ὧν
1318 1512 1579 1569 suspicatus
1603 1515 1722 1564 est.2)

314 1587 373 1630 II.
408 1590 443 1628 4.
478 1588 532 1627 22
586 1588 702 1627 Xen.
758 1585 884 1627 codd.
938 1586 1270 1626 A—-DIKZ
1321 1583 1521 1638 μείνοιεν,
1585 1581 1722 1625 Ceteri

170 1659 361 1711 μένοιεν,·
398 1655 524 1700 Suid.
565 1656 612 1713 (s.
645 1672 717 1699 vv.
760 1650 874 1699 ὀκνεῖ
907 1662 954 1698 et
995 1649 1314 1711 ιῖποπέμψαιεν)
1346 1653 1545 1708 μείνειαν.
1610 1653 1721 1695 Din-

172 1725 346 1769 dorfius
367 1726 544 1783 primus
567 1725 712 1769 edidit
731 1729 926 1782 μείναιεν,
959 1740 1097 1782 quem
1120 1740 1280 1768 omnes
1313 1726 1406 1767 fere
1429 1731 1540 1766 sunt
1561 1723 1721 1767 secuti.

316 1800 453 1840 Porro
486 1804 672 1840 vetusta
703 1795 1000 1852 interpolatio
1033 1796 1219 1839 videtur
1252 1811 1352 1838 esse
1384 1795 1499 1837 illud
1532 1795 1722 1852 δεῆσον3)

173 1868 442 1910 Anabaseos
465 1870 517 1911 V.
549 1871 585 1910 2.
620 1871 670 1909 12
711 1868 767 1910 ab
801 1866 1017 1910 omnibus
1049 1866 1383 1909 recentioribus
1417 1864 1586 1908 criticis
1619 1880 1722 1907 can-

174 1938 300 1980 cellis
333 1937 747 1994 circumscriptum3
781 1938 1061 1980 vocabulum
1093 1936 1140 1979 in
1164 1935 1337 1980 Suidae
1367 1951 1550 1992 quoque
1573 1950 1722 1978 exem-

172 2007 288 2064 plari
321 2008 531 2051 extitisse
562 2007 839 2066 perspicitur
871 2008 929 2064 gl.
964 2009 1300 2066 διηγκυλημένον.

313 2081 370 2122 II.
396 2083 431 2121 4.
457 2082 510 2121 22
536 2080 662 2122 codd.
686 2082 801 2122 Xen.
826 2078 1129 2135 suppeditant
1157 2077 1407 2125 διελθόντες
1427 2073 1506 2135 τήν
1528 2079 1720 2134 γέφυραν,

171 2150 293 2205 quod
339 2149 600 2193 sententiae
646 2165 832 2206 prorsus
870 2156 1113 2205 repugnat.
1183 2151 1349 2205 Itaque
1387 2147 1481 2190 iam
1519 2146 1722 2189 Zeunius

171 2221 359 2263 hortatu
398 2220 593 2267 Lacheri
642 2220 943 2277 negationem
985 2222 1034 2263 οὗ
1073 2218 1285 2275 imperite
1325 2218 1513 2261 addidit.
1583 2220 1723 2260 Nunc

171 2291 408 2334 luculenta
446 2290 730 2334 Holzmanni
769 2290 1033 2334 coniectura
1073 2289 1288 2342 διελόντες
1320 2291 1376 2332 ab
1409 2288 1626 2332 omnibus
1658 2303 1722 2330 re-

171 2435 347 2484 capitum
370 2436 498 2480 citavi,
521 2436 664 2473 ceteris
682 2435 936 2480 editionibus,
958 2447 1126 2484 quarum
1149 2440 1362 2483 apparatus
1384 2435 1480 2471 levis
1503 2434 1721 2470 admodum

172 2500 291 2542 atque
338 2495 498 2543 exiguus
545 2500 616 2538 est,
663 2495 849 2531 adhibitis
896 2500 1068 2538 tantum,
1113 2495 1182 2530 ubi
1229 2493 1352 2530 editio
1390 2493 1518 2529 Oxon.
1563 2491 1721 2529 defecit.

171 2552 283 2601 Siglis
314 2565 406 2590 usus
439 2566 525 2590 sum
557 2554 633 2590 his:

539 2612 908 2651 melzmeliores
939 2612 1027 2648 libri
1059 2611 1354 2659 Xenophontei‚

553 2672 630 2710 det.
648 2685 705 2706 z
723 2671 942 2708 deteriores
974 2671 1061 2707 libri
1093 2669 1387 2718 Xenophontei.

317 2738 347 2790 ¹)
379 2742 518 2778 Suidas
551 2754 628 2779 om.
661 2741 757 2782 οἷον.
1414 2788 1425 2804 )

315 2799 349 2909 33
379 2800 454 2895 gli-11
471 2801 660 2907 ρςὲιιίεὲέῐῃ,
691 2807 735 2838 ut
765 2800 1043 2841 Rehdantzius,
1077 2799 1295 2836 defendunt
1327 2791 1435 2838 (ἔνθ.
