2188 3268
868 212 1153 250 —35-

236 351 371 404 Quod
395 349 573 402 vitium,
606 348 643 391 si
675 347 840 391 vitium
865 356 936 391 est
958 375 1010 379 —-
1038 349 1421 393 Hutschinsonus
1444 351 1546 393 vult
1565 346 1706 403 Σάρων
1730 375 1784 380 -

235 421 301 477 (cf.
324 435 364 476 p.
389 424 458 472 31)
491 418 623 461 facile
655 418 944 461 librariorum
979 434 1127 462 errore
1159 420 1285 462 nasci
1319 421 1482 478 potuit.

374 492 450 533 IV.
485 493 522 532 3.
560 492 609 530 12
643 490 744 543 det„
776 489 902 533 Suid.
935 490 986 545 (s.
1009 491 1052 532 h.
1076 492 1135 545 v.)
1168 494 1463 546 νευσούμενοι;
1495 492 1596 534 mel.
1628 490 1785 535 nevo&—

229 575 376 616 μενοις
423 559 727 603 restituerunt
774 559 918 603 critici
965 560 1221 616 νευσόμενοι.
1302 562 1565 604 Consensus
1612 561 1785 605 Suidae

232 639 277 674 et
309 629 588 674 deteriorum
620 630 794 673 nullius
827 638 897 673 est
927 631 1164 685 momenti,
1197 647 1305 675 nam
1336 631 1449 675 satis
1478 640 1659 675 constat
1681 631 1786 674 scri-

229 703 312 744 bas
344 700 555 744 indoctos
586 716 806 757 persaepe
837 700 1052 744 intulisse
1084 709 1136 744 ut
1156 704 1425 758 πλευσοῢμαι
1446 718 1527 758 pro
1549 705 1786 757 πλεύσομαι.

230 772 294 815 ita
327 776 555 827 νευσοῢμαι
587 787 669 827 pro
702 774 919 827 νεύσομαι.

373 845 479 885 Non
514 842 647 885 aliter
679 857 727 884 se
758 843 935 885 habent

372 916 450 957 IV.
485 916 520 955 5.
555 916 609 955 36
643 914 744 967 det,
776 912 903 957 Suid.
926 914 978 968 (s.
998 929 1036 956 v.
1062 915 1268 968 περιδεῒν)
1303 914 1459 957 σακκία
1481 929 1563 970 pro
1586 914 1716 957 σακία
1739 922 1786 957 θῖ

374 986 449 1028 IV.
484 988 520 1026 7.
555 987 608 1025 22
641 985 742 1038 det,
774 983 900 1027 Suid.
935 988 986 1037 (s.
1010 1001 1049 1027 v.
1074 985 1241 1042 γέῤῥον)
1275 985 1446 1029 δασέων
1477 1000 1559 1040 pro
1592 987 1784 1037 δασειῶν,

230 1054 442 1098 similiter
474 1054 598 1097 enim
631 1054 814 1111 saepius
844 1054 1132 1097 librariorum
1157 1054 1417 1098 temeritate
1438 1062 1680 1111 peccatum
1703 1062 1782 1097 est.

372 1128 448 1168 1V.
484 1129 519 1167 5.
554 1128 608 1167 36
643 1126 742 1180 det„
775 1125 902 1169 Suid.
936 1126 1052 1182 (5.11.
1077 1126 1137 1182 v.)
1175 1127 1377 1182 περιδεῖν;
1409 1127 1511 1169 mel.
1542 1128 1785 1183 περιειλεῖν.

230 1196 384 1249 Vides,
417 1211 555 1252 quam
590 1195 724 1238 facile
756 1211 879 1238 error
911 1195 1016 1238 oriri
1049 1196 1262 1252 potuerit.

374 1269 450 1310 IV.
479 1271 511 1309 1.
540 1270 589 1309 18
615 1268 715 1321 det„
738 1266 864 1310 Suid.
889 1268 939 1322 (s,
964 1283 1004 1310 v.
1030 1266 1202 1323 στολάς)
1221 1266 1447 1320 στολάδοςς
1465 1269 1567 1310 mel.
1585 1266 1785 1321 πολάδος,

232 1352 288 1379 ex
311 1353 401 1393 quo
424 1337 677 1393 repositum
700 1345 770 1380 est
794 1336 1025 1389 σπολάδος.
1088 1337 1138 1381 Si
1161 1339 1329 1380 falsum
1352 1346 1423 1380 est
1439 1337 1553 1380 illud
1573 1337 1786 1390 στολάδος

231 1408 434 1450 declarat
465 1410 580 1450 Xen.
613 1409 760 1450 Anab.
795 1410 878 1450 ΠΙ.
911 1411 947 1450 3.
982 1411 1037 1449 20
1069 1407 1242 1450 scribas
1285 1407 1512 1451 industrie
1544 1410 1706 1460 σπολὰς
1736 1408 1784 1450 in

231 1476 390 1530 στολάς
421 1479 693 1535 depravare:
727 1493 818 1534 quo
850 1479 950 1521 loco
983 1486 1030 1521 et
1061 1493 1086 1521 e
1116 1478 1385 1521 melioribus
1418 1486 1464 1521 et
1496 1494 1520 1521 e
1553 1478 1785 1522 deteriori-

230 1549 317 1591 bus
348 1549 504 1606 prodit
536 1548 758 1601 στολάδες.

377 1622 477 1662 Nee
520 1619 689 1662 mirum
737 1627 807 1662 est
850 1620 973 1676 quod
1014 1622 1090 1663 IV.
1133 1624 1167 1662 7.
1211 1623 1263 1661 22
1310 1619 1356 1662 in
1397 1620 1700 1663 deterioribus
1738 1628 1786 1663 et

240 1691 361 1746 apud
394 1690 588 1733 Suidam
626 1693 674 1745 (s.
699 1706 738 1733 v.
773 1692 935 1747 γέῤῥον)
967 1691 1127 1732 eadem
1161 1698 1395 1747 comparet
1426 1706 1616 1747 perpera
1648 1691 1786 1747 scrip-

233 1767 335 1803 tura
381 1760 606 1815 ὠμοβόινα
649 1775 731 1816 pro
768 1760 1012 1803 meliorum
1052 1755 1287 1816 ιῦμοβόεια;
1333 1760 1443 1804 talia
1482 1761 1605 1804 enim
1643 1763 1785 1805 verba

233 1830 430 1887 duplicis
470 1833 644 1874 formae
683 1832 740 1874 ad
781 1830 1023 1873 libidinem
1055 1831 1399 1887 descripserunt
1430 1831 1614 1881 librarii,
1653 1833 1784 1875 euius

232 1901 295 1944 rei
341 1901 565 1945 disertum
603 1909 673 1945 est
712 1901 1031 1945 testimonium
1068 1903 1214 1944 Anab.
1256 1904 1332 1946 IV.
1374 1906 1409 1945 7.
1450 1906 1516 1952 26,
1555 1918 1646 1959 quo
1684 1904 1784 1946 loeo

233 1980 474 2015 exaratum
518 1973 662 2015 habes
709 1966 964 2028 ιῦμοβοίνων
1006 1987 1089 2029 pro
1135 1966 1387 2028 ὠμοβοείων
1431 1972 1478 2015 in
1516 1973 1784 2017 melioribus

232 2042 370 2086 libris.

380 2115 602 2170 Idemque
642 2114 943 2157 iudicandum
975 2122 1046 2157 est
1077 2115 1133 2157 de
1165 2115 1190 2157 1.
1225 2117 1304 2158 IVJ
1336 2118 1371 2157 5.
1407 2118 1473 2168 28,
1505 2114 1583 2157 ubi
1617 2115 1704 2158 det.
1739 2123 1785 2158 et

233 2184 355 2227 Suid.
396 2186 445 2241 (S.
477 2201 516 2227 V.
550 2185 815 2241 σι,·,ιιμαῖ)“εἶν)
856 2186 1081 2240 praebent
1116 2187 1247 2240 πόμα,
1290 2187 1393 2228 lnel.
1426 2190 1555 2240 πῶμα
1593 2193 1639 2228 et
1670 2186 1726 2227 de
1758 2187 1783 2228 l.

233 2257 309 2299 IV.
345 2260 380 2298 4.
415 2260 452 2309 4,
490 2255 569 2298 ubi
610 2257 697 2298 det.
738 2264 784 2299 et
821 2255 947 2299 Suid.
988 2257 1038 2313 (S.
1063 2272 1134 2299 vv.
1174 2251 1375 2311 ιῖνέβαλεν
1413 2264 1460 2299 et
1496 2256 1662 2313 παρείη)
1701 2271 1784 2313 pro

240 2325 472 2382 Τιρίβαζος
504 2326 727 2369 exhibent
766 2326 1013 2382 Τηρίβαζος.

374 2399 538 2453 Neque
576 2398 676 2440 loeo
716 2400 785 2439 aI.
820 2400 856 2440 2.
891 2400 940 2439 21
980 2399 1045 2450 (cf.
1069 2413 1109 2453 p.
1133 2397 1203 2454 31)
1242 2396 1415 2441 Suidae
1455 2397 1590 2441 lectio
1623 2397 1785 2440 deteri-

234 2466 388 2509 oribus
426 2469 631 2511 debetur.
696 2468 886 2513 Etenim
924 2476 1079 2511 servat
1109 2467 1236 2511 Suid.
1271 2467 1419 2524 ἰσχυρά
1458 2469 1530 2511 καὶ
1563 2465 1785 2526 ἀμήχανος

232 2535 438 2581 εἷσελθεῖν
459 2538 570 2595 (soil.
606 2533 735 2592 ὁδός),
759 2546 919 2582 contra
943 2539 1190 2582 deteriores
1213 2538 1370 2594 inepte
1394 2540 1585 2581 tradunt
1606 2542 1785 2594 ἰσχυρῶς

232 2608 303 2650 καὶ
337 2602 554 2666 ἀμήχανος
585 2608 812 2653 εἰσελθεῖν.

380 2681 515 2721 Porro
556 2679 670 2722 illud
709 2682 865 2739 δεῆσον
901 2679 989 2723 loci
1028 2682 1115 2724 aV.
1150 2683 1185 2722 2.
1224 2683 1274 2722 12
1314 2681 1379 2734 (cf.
1403 2697 1443 2738 p.
1468 2683 1537 2732 33)
1577 2679 1614 2722 si
1646 2680 1784 2723 inter-

233 2750 441 2805 polatum
475 2757 545 2791 est
573 2776 627 2780 —
650 2750 857 2806 plerique
880 2750 1078 2793 editores
1100 2749 1389 2793 incluserunt
1412 2752 1563 2807 δεῆσον
1585 2776 1638 2781 -—
1661 2751 1784 2793 hanc

234 2819 639 2875 interpolationem
662 2820 754 2862 iam
776 2820 823 2862 in
847 2822 1098 2876 archetypo
1121 2820 1331 2863 extitisse
1353 2821 1486 2863 nobis
1510 2828 1580 2863 est
1602 2835 1784 2863 sumen·
