2188 3268
982 215 1272 255 -13-

484 355 515 396 Ι.
562 355 597 395 2.
644 356 694 395 10
735 368 766 395 s.
797 369 836 395 v.
884 353 1079 408 στλεγγὶς
1124 360 1230 409 post
1277 351 1434 406 ξύστρα
1483 349 1612 394 addit
1655 351 1695 393 E
1740 350 1801 406 (et
1845 350 1894 406 C)

341 425 556 478 Ξενοφῶν.
631 420 694 466 Tc}
743 423 789 466 δὲ
836 417 955 466 ἆθλα
998 418 1108 482 ἦσαν
1153 422 1396 481 στλεγγίδες
1441 427 1606 478 χρυσαῖ,
1655 435 1773 477 quae
1811 434 1894 462 suo

341 494 440 537 iure
483 492 656 536 delevit
701 494 1044 549 Bernhardyus3
1091 508 1200 536 nam
1242 508 1294 536 ea
1335 492 1611 549 interpolata
1649 505 1749 534 esse
1786 490 1895 532 inde

340 563 642 607 manifestum
680 563 752 618 fit,
791 565 913 620 quod
953 565 1124 607 absunt
1161 579 1187 606 a
1228 563 1355 606 libris
1391 564 1432 605 A
1455 565 1490 605 B
1513 564 1555 607 V
1593 569 1639 605 et
1677 577 1702 604 a
1743 559 1893 603 Photii

338 633 502 688 lexico,
535 649 735 690 quocum
767 635 881 677 haec
915 636 1070 691 glossa
1102 633 1274 678 Suidae
1307 632 1564 676 communis
1597 640 1676 675 est.

483 719 540 760 ΙΙ.
575 720 610 760 2.
632 715 670 759 ‘5
709 733 740 760 s.
773 733 813 760 v.
847 716 1039 772 ἑλόμενοι
1074 716 1288 760 scribitur
1319 723 1499 773 praeter
1531 715 1735 758 codicem
1768 716 1808 758 E
1847 713 1894 756 in

341 787 558 830 omnibus
597 786 770 831 Suidae
814 787 942 830 libris
980 823 987 830 .
1027 823 1034 830 .
1075 822 1081 830 .
1125 782 1195 830 ὅτι
1239 786 1371 842 μόνος
1407 785 1574 844 ἐφρόνει
1613 782 1683 829 οἷα
1721 787 1785 829 δεῖ
1824 783 1895 828 τὸν

339 851 544 913 ἄρχοντα.
615 859 720 901 Cod.
762 858 801 902 E
842 859 1053 914 exemplo
1092 857 1278 901 subiicit
1314 861 1497 916 φρονεῖν.
1565 850 1780 911 (Ελόμενοι
1822 857 1895 899 καὶ

341 922 437 971 ἀντὶ
478 933 554 972 τοῦ
598 928 912 983 προκρίναντες.
984 929 1106 970 Illud
1153 932 1329 987 φρονεῖν
1367 927 1651 970 inculcatum
1689 942 1804 980 esse,
1844 935 1896 969 ut

343 999 574 1042 sententia
605 999 758 1056 magis
790 999 923 1042 fieret
953 999 1205 1055 perspicua,
1238 1014 1374 1041 nemo
1397 1013 1490 1041 non
1513 997 1650 1041 videt.
1715 996 1895 1040 Deinde

340 1069 526 1112 tertiam
569 1070 698 1113 illam
736 1069 1094 1128 explicationem
1130 1069 1256 1112 vocis
1289 1068 1485 1124 ἑλόμενοι
1516 1095 1575 1100 -
1606 1069 1721 1110 duas
1759 1067 1896 1110 inter-

339 1140 625 1196 pretationes
678 1141 771 1184 iam
819 1142 1008 1183 dederat
1054 1140 1153 1196 ipse
1198 1139 1367 1183 Suidas
1422 1165 1480 1171 —-
1531 1154 1669 1195 supra
1716 1138 1896 1181 addidit

338 1210 654 1267 interpolator.

486 1296 562 1337 IV.
597 1297 632 1337 4.
657 1297 702 1336 ll
731 1309 764 1337 S.
789 1310 828 1337 v.
859 1295 1037 1340 ἀλεεινὸς
1059 1294 1099 1337 Ε
1127 1293 1194 1350 (et
1210 1294 1268 1348 V)
1297 1300 1403 1348 post
1434 1294 1689 1348 παραρῤυείη
1719 1292 1895 1334 habent

344 1367 370 1419 ἡ
421 1367 543 1420 χιών,
606 1372 659 1407 ut
710 1365 908 1407 absurde
969 1365 1182 1419 legamus
1242 1365 1554 1417 κατακειμένων
1617 1364 1661 1404 ὂὲ
1713 1363 1896 1408 ἀλεεινὸς

340 1436 394 1489 ἦν
445 1437 468 1477 ὁ
514 1438 681 1490 χειμών,
733 1437 814 1492 ὅτῳ
864 1436 922 1489 μὴ
974 1436 1234 1491 παραῤῥυείη
1286 1436 1311 1488 ἡ
1363 1436 1481 1488 χιών.
1559 1435 1663 1475 Hoc
1717 1435 1738 1487 ἡ
1792 1435 1895 1487 χιὼν

343 1504 444 1548 sine
475 1504 616 1548 dubio
639 1521 665 1547 a
687 1505 842 1548 nescio
877 1506 1079 1561 quodam
1111 1520 1135 1547 e
1158 1503 1284 1547 libris
1306 1503 1661 1560 Xenophonteis
1692 1503 1894 1559 margini

337 1575 628 1632 adscriptum
672 1591 753 1633 pro
793 1579 950 1631 χειμών
994 1602 1048 1606 -—
1093 1574 1421 1631 Xenophontis
1466 1573 1590 1616 enim
1628 1573 1731 1616 libri
1770 1589 1895 1631 prae-

341 1648 456 1689 bent
486 1649 511 1701 ἡ
544 1648 647 1701 χιὼν
679 1662 760 1703 pro
792 1646 1020 1690 Suidiana
1051 1645 1250 1688 lectione
1282 1647 1305 1687 ὁ
1337 1647 1494 1700 χειμών
1532 1671 1586 1674 -
1631 1643 1678 1686 111
1714 1651 1894 1687 textum

338 1716 535 1774 irrepsit.

486 1787 612 1830 Huic
648 1787 764 1830 libro
804 1787 881 1843 qui
921 1786 1184 1829 simillimus
1231 1794 1301 1829 est
1348 1786 1442 1828 cod.
1484 1788 1518 1828 B
1556 1800 1894 1841 nonnunquam

340 1873 450 1900 cum
488 1857 676 1914 optimis
719 1858 848 1900 libris
889 1857 1122 1913 conspirat
1135 1859 1175 1913 ¹),
1220 1858 1300 1899 sed
1338 1858 1608 1912 plerumque
1647 1855 1894 1898 deteriores

340 1928 562 1985 sequitur.
625 1929 778 1972 Semel
802 1935 987 1971 tantum
1020 1929 1146 1970 solus
1169 1926 1436 1983 suppeditat
1457 1941 1615 1969 veram
1638 1926 1894 1978 lectionem,

343 2014 483 2055 quam
515 1998 670 2042 nescio
709 2014 767 2041 an
807 2000 974 2041 debeat
1013 1997 1319 2041 coniecturae:
1369 2000 1400 2040 Ι.
1430 2001 1466 2040 5.
1502 2000 1552 2039 10
1585 1997 1632 2054 (s.
1663 2014 1702 2040 v.
1735 1999 1893 2052 κάρφη)

342 2071 565 2127 Διφθέρας
586 2073 696 2125 εἶχον
717 2072 987 2124 σκεπάσματα
1009 2068 1274 2124 ἓμπίπλασαν
1295 2070 1519 2125 praebent
1535 2083 1696 2111 omnes
1715 2067 1894 2110 codices

343 2148 536 2197 excepto
569 2140 684 2183 libro
718 2143 765 2194 B,
797 2139 876 2196 qui
907 2147 1030 2183 recte
1062 2138 1228 2182 ascivit
1258 2143 1307 2186 ἃς
1338 2146 1446 2182 ante
1478 2141 1748 2193 ἕμπίπλασαν.

487 2222 704 2279 Optimae
727 2230 883 2266 autem
907 2230 1046 2265 notae
1069 2229 1179 2265 sunt
1203 2221 1438 2265 Parisinus
1455 2223 1495 2263 A
1513 2229 1559 2264 et
1581 2220 1823 2266 Leidensis
1841 2223 1894 2273 V,

340 2294 422 2350 qui
462 2302 557 2337 tam
595 2293 796 2337 fideliter
834 2301 1023 2336 servant
1060 2308 1223 2336 verum
1261 2300 1400 2349 atque
1438 2291 1709 2348 genuinum,
1747 2298 1800 2333 ut
1838 2306 1894 2334 ex

340 2366 510 2407 ,horum
534 2366 631 2408 sola
653 2363 930 2408 auctoritate
962 2363 1193 2407 sincerum
1214 2362 1386 2407 Suidae
1413 2363 1613 2419 pendere
1635 2377 1893 2405 sermonem

343 2435 431 2478 viri
478 2435 602 2478 docti
649 2435 736 2478 sibi
784 2434 1107 2492 persuaserint.
1185 2434 1278 2478 Sed
1325 2432 1455 2477 alteri
1502 2434 1644 2489 longe
1689 2440 1895 2488 praestat

344 2505 582 2549 Parisinus
603 2508 656 2560 A,
689 2521 795 2548 cum
817 2508 860 2549 V
891 2506 1017 2548 haud
1050 2520 1151 2548 raro
1184 2503 1450 2547 correctoris
1481 2518 1673 2546 manum
1707 2503 1767 2545 sit
1798 2517 1894 2558 per-

491 2649 522 2702 1)
554 2652 675 2688 Velut
694 2652 724 2688 I.
756 2651 790 2689 1.
814 2652 837 2690 7
869 2664 898 2688 s.
919 2664 952 2688 v.
979 2649 1169 2701 κατάγειν
1201 2662 1348 2687 nomen
1374 2649 1651 2698 Xenophontis
1679 2648 1896 2686 omiserunt

343 2711 379 2746 A
397 2709 432 2745 V
449 2709 497 2752 B;
530 2710 580 2746 II.
597 2710 635 2749 6.
654 2709 707 2748 22
738 2707 783 2763 (s.
810 2723 845 2749 v.
869 2708 1042 2757 Me'vmv)
1071 2712 1105 2746 A
1123 2710 1157 2744 V
1175 2709 1203 2745 B
1237 2707 1283 2747 δέ
1303 2707 1359 2753 τό,
1393 2709 1516 2745 ceteri
1542 2705 1592 2747 τὸ
1621 2706 1684 2750 ὄέ;
1718 2707 1765 2743 ΙΙ.
1784 2707 1822 2746 6.
1839 2707 1892 2745 22

337 2765 394 2820 (s.
410 2781 446 2804 v.
466 2766 642 2821 ΙΠένων)
675 2771 708 2805 Α
726 2769 761 2804 V
777 2769 807 2805 B
839 2767 909 2807 καὶ
935 2766 980 2807 τὸ
1005 2767 1180 2819 ἀληθέςτ
1215 2774 1288 2806 cet.
1324 2781 1366 2806 τε
1397 2765 1465 2805 καὶ
1498 2765 1672 2819 ἀληθές;
1708 2766 1755 2802 Π.
1779 2765 1815 2804 6.
1839 2765 1894 2804 27

343 2828 378 2863 Α
402 2827 436 2863 V
457 2827 487 2863 B
520 2825 652 2877 ὁπότε,
686 2833 762 2864 cet.
794 2826 869 2866 ὅτε.
