2188 3268
974 199 1235 238 —9—

330 338 456 380 haud
491 344 661 379 temere
694 336 984 394 suspicamur
1016 351 1040 379 e
1072 336 1281 380 fontibus
1313 336 1472 393 iniquo
1506 338 1600 380 fato
1629 335 1878 393 deperditis

333 406 422 450 alia
469 407 695 450 nonnulla
740 422 965 450 manasse.
1031 409 1102 450 Ita
1150 422 1174 449 e
1211 406 1345 450 lexici
1386 407 1601 451 Photiani
1641 407 1879 463 deperdita

328 485 459 533 parte
505 476 618 520 alias
666 492 847 534 quoque
896 479 1075 534 glossas
1113 477 1306 522 Suidam
1345 478 1393 520 in
1433 479 1703 521 thesaurum
1742 492 1879 520 suurn

329 547 561 590 derivasse
591 562 674 604 pro
707 555 830 591 certo
863 547 1082 591 affirmari
1115 555 1279 604 potest.

468 618 518 662 Si
565 633 800 661 summum
847 618 1124 675 colligimus:
1179 634 1283 662 curn
1331 620 1608 675 glossarum,
1655 634 1772 675 quae
1824 634 1881 662 ex

329 689 430 733 aliis
475 688 675 739 officinis
718 697 1034 745 provenerunt
1078 697 1216 745 atque
1265 704 1322 732 ex
1364 689 1465 745 ipsa
1503 689 1720 743 Anabasi,
1766 690 1881 733 duas

329 768 514 804 tantum
554 759 777 815 exemplis
809 759 1063 802 illustratas
1097 759 1546 815 (leprelienderimu5‚
1586 759 1650 803 ita
1683 759 1882 803 sentien-

330 833 441 873 dum
473 837 543 873 est
575 845 599 873 e
630 829 758 873 libris
781 829 914 872 nobis
947 845 1039 872 non
1064 830 1258 873 servatis
1282 831 1460 886 glossas
1483 830 1880 886 explicationibus,

330 916 447 958 quae
468 900 733 957 pertineant
764 902 821 944 ad
844 900 1094 955 Anabasin,
1126 901 1376 944 instructas
1404 902 1672 957 complures,
1703 903 1882 957 glossas

329 987 438 1014 vero
461 971 684 1028 exemplis
707 979 892 1014 ornatas
913 987 1166 1028 perpaucas
1189 970 1391 1014 fluxisse.
1438 973 1506 1014 Ac
1527 997 1586 1003 —
1601 987 1660 1014 ne
1681 973 1882 1015 multum

330 1043 665 1100 profundamus
702 1041 749 1084 in
789 1057 837 1085 re
873 1042 1121 1085 manifesta
1153 1068 1207 1074 —-
1240 1042 1319 1085 illa
1352 1050 1482 1085 tanta
1514 1044 1718 1085 locorum
1752 1043 1883 1099 copia

331 1128 387 1156 ex
408 1113 614 1156 Anabasi
646 1114 941 1156 laudatorum
974 1128 1066 1155 non
1100 1120 1254 1169 potest
1285 1112 1373 1155 nisi
1407 1112 1472 1155 ita
1505 1113 1722 1169 explicari
1756 1113 1883 1156 adhi-

331 1183 486 1226 buisse
531 1183 726 1227 Suidam
775 1183 822 1226 in
873 1183 1204 1241 componendis
1248 1183 1430 1226 schedis
1474 1183 1569 1226 suis
1612 1185 1882 1227 Anabaseos

332 1256 578 1312 exemplar,
616 1255 741 1297 unde
772 1253 1001 1311 petiverit,
1034 1269 1152 1310 quae
1185 1255 1242 1296 ad
1275 1253 1572 1297 illustrandas
1605 1270 1741 1297 voces
1774 1262 1882 1311 apta

334 1324 374 1368 ei
407 1324 507 1368 visa
530 1325 636 1368 sint.
702 1328 941 1368 Praeterea
963 1326 1243 1368 documento
1277 1332 1347 1367 est
1377 1324 1550 1369 Suidae
1583 1325 1706 1368 cordi
1739 1325 1883 1368 fuisse

331 1395 582 1450 Anabasin,
615 1397 737 1452 quod
761 1411 791 1438 s.
810 1412 852 1440 v.
875 1397 1076 1450 Ξενοφῶν
1106 1395 1257 1438 maius
1281 1396 1361 1438 dat
1389 1404 1720 1451 argumentum
1741 1396 1881 1439 huius

331 1465 446 1520 libri,
489 1473 744 1509 ceterorum
782 1465 1111 1522 Xenophontis
1154 1466 1429 1522 scriptorum
1468 1467 1747 1510 sententiam
1788 1482 1882 1510 non

336 1536 546 1593 explicat.

988 1784 1142 1839 Caput
1175 1785 1222 1828 11.

476 1882 531 1922 In
598 1878 899 1936 sequentibus
955 1886 1135 1921 textum
1194 1879 1590 1934 Xenophonteum
1653 1880 1802 1937 qualis
1861 1896 1887 1924 a

332 1950 478 1995 Suida
511 1950 710 1993 traditur
742 1964 847 1992 cum
880 1965 945 2003 eo,
993 1964 1130 2005 quem
1162 1950 1388 2005 praebent
1420 1949 1611 2005 codices,
1656 1966 1888 2008 compara-

332 2023 496 2065 bimus.
561 2022 835 2078 Priusquam
874 2028 1030 2064 autem
1069 2022 1127 2063 ad
1165 2036 1262 2063 rem
1301 2028 1627 2065 convertamus
1659 2025 1887 2068 nonnulla

334 2101 444 2137 sunt
474 2092 815 2150 praemittenda
848 2093 904 2134 de
937 2090 1170 2135 codicibus
1202 2099 1249 2135 et
1275 2092 1603 2148 Xenophontis
1636 2101 1682 2136 et
1703 2094 1886 2139 Suidae.

476 2163 708 2218 Codicum,
747 2163 825 2219 qui
864 2162 1192 2218 Xenophontis
1223 2162 1463 2205 Anabasin
1503 2163 1756 2219 continent,
1795 2166 1887 2208 duo

334 2235 660 2279 discernuntur
697 2249 880 2291 genera,
918 2233 1022 2277 libri
1059 2233 1272 2276 meliores
1310 2233 1388 2290 qui
1427 2234 1645 2277 dicuntur
1682 2243 1728 2278 et
1766 2237 1889 2279 dete-

333 2307 491 2360 riores3
525 2321 639 2362 quos
672 2320 832 2348 omnes
865 2319 1135 2347 enumerare
1166 2305 1464 2360 supersedere
1491 2321 1749 2361 possumus,
1783 2322 1888 2349 cum

334 2378 391 2420 ad
429 2384 637 2420 nostram
676 2375 997 2432 quaestionem
1036 2374 1274 2418 sufficiant
1313 2375 1503 2430 codices,
1543 2376 1620 2433 qui
1661 2377 1888 2433 gravioris

335 2447 429 2491 sint
460 2447 687 2504 ponderis.
752 2446 919 2489 Prioris
950 2445 1154 2489 familiae
1187 2445 1350 2502 optimi
1383 2454 1493 2490 sunt
1524 2447 1648 2490 libri:

547 2532 581 2575 C
629 2529 880 2588 (Parisinus
917 2532 1038 2583 1640,
1070 2528 1268 2584 scriptus
1301 2544 1423 2572 anno
1461 2531 1598 2586 1320),

634 2602 733 2658 Cpr.
767 2619 824 2640 z
855 2599 1004 2657 prima
1034 2615 1202 2642 manus
1234 2599 1374 2642 huius
1407 2599 1522 2654 libri,

633 2673 688 2716 C1
766 2689 823 2710 z
854 2686 1022 2714 manus
1067 2670 1165 2713 eius
1211 2670 1487 2725 correctoris,
1532 2670 1610 2727 qui
1647 2671 1887 2715 Anabasin

858 2743 916 2785 ad
943 2756 1154 2784 normam
1177 2740 1452 2797 exemplaris
1475 2742 1664 2785 alterius
1686 2742 1889 2786 familiae

858 2812 1063 2856 correxit.
