2188 3268
978 242 1030 246 --
1096 219 1270 258 40-

343 355 514 411 recepit
561 358 856 410 ἓιιιπρήσαντες,
902 371 1016 398 num
1063 355 1185 400 idem
1233 360 1298 400 ὅτε
1341 359 1386 401 τὸ
1425 358 1631 402 omiserit
1678 367 1895 417 excerpto

344 425 560 482 cognosci
593 425 765 482 nequit.

483 498 562 539 IV.
595 499 632 538 5.
666 499 720 538 28
752 497 854 539 mel.
889 498 1016 539 αὐτὸν
1047 500 1224 545 ἕκέλευεζ
1259 500 1346 542 det.
1370 499 1555 543 ἐκέλευεν
1577 503 1714 544 αῧτόν.
1766 500 1892 545 Suid.

343 572 390 620 (s.
414 583 454 609 v.
485 567 854 624 ἀντεμπλήσαντες)
887 582 973 610 om.
1007 571 1142 612 αὐτόν.
1205 568 1375 626 Accipe
1406 570 1454 612 in
1488 572 1737 627 archetypo
1771 573 1897 614 αὐτὸν

342 638 482 680 verbo
520 639 682 680 ἐκέλευε
723 637 1088 696 suprascriptum
1126 639 1284 682 fuisse:
1333 640 1555 684 continuo
1593 641 1895 685 manifestum

341 707 433 761 fiet,
467 709 698 764 quomodo
731 708 1045 765 discrepantes
1076 710 1298 753 lectiones
1330 719 1469 754 natae
1500 711 1604 755 sint.

482 781 534 823 V.
569 783 604 822 4.
643 782 694 821 12
728 780 774 833 C,
807 782 842 822 B
880 795 1121 836 perperam
1161 782 1386 837 praebent
1424 785 1598 837 ἔστησαν
1641 785 1780 839 ὥσπερ
1817 784 1895 825 ἀνὰ

341 851 489 893 ἑκατὸν
518 853 693 906 μάλιστα
725 852 813 893 οἷον
843 853 963 906 χοροὶ
996 854 1356 907 ἄντιστοιχοῡντεςς
1391 860 1472 895 cet.
1496 868 1577 909 pro
1601 855 1688 896 οἷον
1721 854 1897 898 habent

342 924 380 964 οἱ
417 922 484 977 (H
519 921 595 978 οἷ);
640 920 768 964 Suid.
809 921 859 978 (S.
893 938 934 964 v.
969 923 1326 979 ἀντιστοιχοῦντες)
1370 939 1455 966 om.
1504 926 1601 967 οἷον.
1678 925 1759 967 Ad.
1793 924 1834 966 h.
1870 925 1893 967 l.

341 993 535 1035 adnotat
558 991 956 1034 Breitenbachius:
990 1026 1016 1040 ,‚
1034 994 1179 1040 Vides,
1205 998 1445 1049 postquam
1478 996 1566 1036 οἷον
1598 995 1647 1035 in
1681 997 1720 1036 οἱ
1742 996 1895 1050 depra-

340 1068 493 1105 vatum
541 1067 651 1111 erat,
697 1063 882 1104 illatum
927 1078 1017 1105 esse
1060 1065 1245 1118 <Bon89x⁷
1307 1064 1391 1107 Cui
1431 1064 1691 1107 sententiae
1730 1065 1894 1118 obstat,

341 1134 464 1190 quod
486 1133 534 1176 in
557 1132 685 1176 libris
705 1134 739 1176 C
762 1141 808 1177 et
826 1136 872 1187 B,
896 1149 1177 1190 quamquam
1200 1136 1288 1178 οἷον
1309 1149 1402 1177 non
1427 1135 1733 1190 depravatum
1756 1142 1826 1178 est
1846 1134 1894 1177 in

341 1207 389 1258 οἱ,
421 1203 568 1246 nihilo
592 1203 735 1247 setius
769 1211 1004 1260 comparet
1034 1207 1188 1260 ὥσπερ.
1254 1204 1543 1248 Probabilius
1565 1205 1750 1248 videtur
1781 1204 1895 1247 illud

341 1277 484 1330 ὥσπερ
515 1274 562 1317 in
597 1275 848 1331 archetypo
881 1276 939 1318 ad
973 1277 1060 1319 οἷον
1091 1291 1173 1332 pro
1206 1275 1334 1319 varia
1367 1275 1564 1319 lectione
1595 1275 1796 1332 margini
1820 1276 1896 1318 ad-

341 1345 566 1402 scriptum
599 1345 646 1388 in
681 1353 862 1389 textum
895 1346 1143 1403 irrepsisse,
1183 1362 1273 1403 quo
1312 1347 1544 1389 inculcato
1577 1346 1624 1389 in
1657 1346 1896 1389 nonnullis

341 1416 468 1460 libris
485 1418 700 1460 voculam
721 1419 820 1471 οἷον,
839 1432 956 1474 quae
978 1418 1114 1460 valde
1132 1418 1402 1471 abundaret,
1421 1425 1651 1460 mutatam
1670 1432 1769 1460 esse
1786 1416 1833 1460 in
1847 1420 1896 1471 οἳ,

338 1487 386 1530 in
419 1487 642 1531 memoria
675 1496 831 1531 autem
863 1488 1089 1532 Suidiana
1123 1491 1210 1532 οἷον
1241 1488 1432 1531 omnino
1465 1487 1756 1531 eliminatum
1785 1503 1896 1531 esse.

483 1560 632 1602 Multa
664 1558 810 1616 igitur
838 1559 1083 1602 stabiliunt
1114 1559 1396 1602 sententiam
1419 1567 1626 1602 nostram
1649 1560 1896 1615 exemplar,

341 1631 465 1686 quod
508 1629 555 1672 in
595 1631 917 1687 componendo
961 1631 1178 1673 thesauro
1221 1629 1486 1673 adhibuerit
1527 1630 1896 1688 lexicographus‚

340 1716 491 1757 neque
530 1702 587 1744 ad
619 1700 819 1757 priorem
857 1716 1008 1757 neque
1046 1702 1103 1743 ad
1142 1702 1334 1744 alteram
1376 1701 1599 1744 familiam
1639 1717 1739 1745 esse
1770 1717 1897 1745 revo-

341 1772 554 1826 candum,
586 1771 742 1828 potius
775 1772 833 1814 ad
867 1787 1161 1815 communem
1194 1771 1341 1814 redire
1373 1773 1688 1828 archetypum.

974 1973 1128 2028 Caput
1161 1974 1269 2018 Vm.

482 2069 582 2109 Iam
639 2081 748 2110 vero
806 2066 1108 2123 inspiciamus
1165 2067 1388 2110 lectiones
1446 2066 1619 2111 Suidae
1676 2066 1896 2124 proprias,

342 2137 444 2180 dico
477 2153 554 2180 eas
586 2137 820 2193 lectiones,
859 2153 977 2194 quae
1009 2153 1160 2194 neque
1193 2153 1297 2181 cum
1329 2137 1574 2181 meliorum
1607 2153 1758 2194 neque
1790 2153 1896 2180 cum

340 2208 620 2252 deteriorum
666 2209 995 2266 Xenophontis
1041 2208 1263 2251 librorum
1311 2208 1538 2265 scriptura
1585 2208 1895 2252 consentiunt.

341 2282 395 2322 In
436 2279 604 2336 quibus
636 2295 817 2336 semper
849 2287 919 2323 est
951 2279 1319 2333 discernendum,
1352 2287 1509 2322 utrum
1542 2281 1737 2323 fortasse
1768 2286 1897 2322 ortae

340 2350 435 2393 sint
477 2349 738 2393 mutatione
777 2351 989 2392 consulto
1027 2365 1054 2392 a
1092 2349 1237 2392 Suida
1275 2351 1397 2393 facta
1435 2365 1494 2392 an
1534 2365 1590 2392 ex
1630 2365 1779 2392 errore
1821 2350 1895 2392 vel

339 2420 642 2477 neglegentia
681 2420 910 2477 originem
948 2419 1167 2463 duxerint
1204 2420 1303 2463 sive
1333 2420 1480 2476 ipsius
1512 2419 1684 2464 Suidae
1716 2419 1814 2463 sive
1844 2419 1896 2462 li-

339 2491 477 2535 brarii
511 2491 681 2535 codicis
713 2491 1057 2548 Xenophontei,
1090 2506 1146 2534 ex
1179 2507 1270 2548 quo
1302 2490 1470 2548 petivit
1501 2498 1716 2547 excerpta
1745 2505 1895 2547 gram-

337 2561 538 2605 maticus
570 2561 668 2605 sive
699 2577 870 2617 eorum,
903 2562 981 2619 qui
1012 2561 1193 2605 lexicon
1227 2561 1579 2618 descripserunt.
1643 2562 1765 2604 Illud
1799 2560 1896 2618 qui-

340 2635 445 2676 dem
478 2633 557 2676 ubi
587 2634 798 2676 consulto
822 2632 1221 2676 transformaverit
1242 2633 1585 2689 Xenophontea
1607 2632 1777 2676 Suidas
1799 2646 1893 2674 non

341 2705 592 2747 admodum
654 2704 844 2747 difficile
906 2711 977 2747 est
1034 2703 1268 2760 indagare.
1348 2705 1499 2758 Quem
1555 2718 1664 2746 vero
1716 2716 1896 2759 semper

341 2774 504 2817 erroris
542 2782 624 2818 aut
660 2774 866 2818 incuriae
897 2789 1162 2831 arguamus,
1200 2775 1326 2818 haud
1353 2774 1487 2818 facile
1518 2781 1589 2818 est
1625 2773 1895 2828 diiudicatu,

340 2844 451 2901 quin
486 2844 626 2889 etiam
659 2845 893 2889 interdum
925 2845 1115 2889 omnino
1137 2845 1234 2889 erui
1256 2861 1350 2889 non
1373 2852 1536 2902 potest.
1600 2847 1764 2902 Neque
1786 2858 1894 2888 vero

2179 3177 2188 3268 ²21—-
2180 3044 2188 3170 --α---ωι
2185 3021 2188 3034 Δ.
