2188 3268
915 217 1207 256 —43-

287 356 364 412 qui
397 355 738 413 descripserunt
761 356 1042 408 thesaurum,
1076 353 1357 397 vindicanda
1379 354 1449 397 sit.
1512 351 1839 409 Xenophontis

287 426 410 469 enim
447 428 586 469 verba
619 428 676 468 II.
710 429 746 468 3.
780 428 834 468 23
872 427 1034 480 βασιλεῖ
1067 427 1401 480 ἀντιποιούμεθα
1440 431 1509 479 τῆς
1547 426 1677 479 ἀρχῆς
1715 423 1838 479 apud

286 497 478 541 Suidam
510 496 676 539 mutila
707 497 948 552 leguntur:
983 498 1310 550 ἀντιποιούμενοι
1340 501 1410 550 τῆς
1432 497 1563 550 ἀρχῆς
1583 498 1646 549 τῷ
1667 495 1836 548 βασιλεῖ,

288 582 405 624 quae
421 567 469 609 in
487 566 658 610 Suidae
681 565 931 622 exemplari
954 567 1080 609 haud
1099 565 1238 608 dubie
1260 565 1325 608 ita
1342 581 1434 608 non
1454 565 1623 621 scripta
1640 566 1839 617 fuerunt,

288 636 461 681 etenim
483 637 529 679 in
555 628 777 680 continua
796 635 1123 692 Xenophontis
1142 635 1351 679 oratione
1369 635 1494 678 omni
1513 650 1651 678 sensu
1672 641 1838 677 carent.

428 710 547 751 Item
595 706 869 768 excerpendi
917 706 1215 749 festinatione
1254 707 1492 748 turbatum
1531 721 1630 748 esse
1677 704 1842 762 opinor

288 780 551 836 exemplum
584 778 711 821 vocis
743 780 1056 832 καθηκούσαις,
1089 776 1168 819 ubi
1199 792 1282 833 pro
1316 771 1379 819 ἔπ’
1412 777 1536 819 αὒτὸν
1563 778 1632 818 τὸν
1653 777 1842 830 ποταμόν

287 848 615 906 Xenophontis
648 851 725 892 IV.
759 852 795 891 3.
834 851 878 890 11
918 847 1132 890 scribitur
1164 849 1223 889 ἐπ’
1258 849 1382 889 αὐτὸν
1413 848 1483 889 τὸν
1513 848 1663 890 τόπον.

428 918 837 976 Transpositiones
892 926 1048 961 autem
1100 919 1364 971 verborum,
1412 932 1528 973 quae
1574 917 1621 959 in
1669 916 1842 959 Suidae

287 990 433 1034 lexico
457 991 880 1047 deprehenduntur,
904 988 976 1031 cui
1000 978 1302 1046 imputandae
1325 988 1419 1031 sint
1440 988 1487 1030 in
1507 987 1683 1030 incerto
1705 987 1839 1030 relin-

289 1077 390 1117 quo.
453 1061 556 1104 Nisi
595 1062 713 1104 forte
753 1061 964 1104 consulto
1005 1059 1306 1103 translocavit
1337 1060 1477 1101 verba
1510 1057 1842 1114 grammaticus

288 1133 422 1176 facile
465 1132 673 1175 socordia
715 1139 796 1174 aut
838 1132 985 1189 ipsius
1031 1138 1113 1174 aut
1150 1129 1439 1173 librariorum
1479 1129 1577 1171 eius
1614 1130 1754 1171 verba
1793 1128 1839 1171 in

292 1203 429 1246 aliam
463 1204 619 1246 sedem
651 1203 848 1259 irrepere
879 1209 1146 1259 potuerunt.

432 1273 612 1318 Erroris
652 1275 835 1330 culpam
873 1273 1046 1316 librarii
1086 1271 1314 1315 sustinere
1351 1270 1570 1313 'videntur
1608 1270 1680 1312 his
1713 1269 1842 1313 locis:

432 1348 463 1388 I.
498 1348 534 1387 5.
573 1348 623 1386 10
656 1347 774 1388 Xen.
809 1346 1030 1402 διφθέρας,
1063 1347 1112 1390 ἃς
1142 1345 1252 1398 εἶχον
1285 1343 1541 1396 στεγάσματα
1573 1343 1844 1395 ἐπίμπλασαν

290 1435 325 1458 κ.
355 1434 383 1458 τ.
413 1418 467 1466 κ’..,·
504 1414 631 1458 Suid.
671 1419 716 1469 (s.
746 1432 785 1458 v.
825 1414 986 1471 κάρφη)
1026 1429 1111 1457 om.
1151 1416 1200 1460 ἅς
1239 1414 1310 1468 (cf.
1334 1412 1474 1455 etiam
1506 1427 1546 1468 p.
1570 1413 1654 1466 41).
1718 1414 1844 1456 Luce

291 1494 361 1529 est
406 1485 572 1529 clarius
610 1486 825 1528 voculam
864 1488 912 1532 ἅς
949 1500 1043 1528 non
1083 1484 1237 1541 ipsum
1274 1483 1479 1536 Suidam,
1518 1483 1597 1525 sed
1634 1481 1844 1525 librarios

291 1555 512 1609 omisisse,
552 1556 630 1612 qui
670 1556 848 1599 litteras
879 1555 1031 1611 magis
1063 1570 1203 1611 quam
1241 1569 1430 1597 sensum
1463 1561 1726 1610 spectantes
1764 1552 1844 1595 illo

292 1645 341 1674 ας
378 1626 448 1670 bis
486 1627 638 1683 posito
679 1628 1104 1682 (ΔΙΦΘΕΡΑΣΑΣ)
1146 1624 1513 1681 decipiebantur:
1553 1639 1646 1666 non
1687 1631 1842 1666 tamen

290 1697 462 1740 librarii
496 1697 665 1740 codicis
704 1713 761 1740 ex
793 1713 884 1753 quo
922 1704 1137 1752 excerpta
1175 1695 1343 1753 petivit
1375 1693 1541 1738 Suidas
1582 1695 1711 1751 (nam
1744 1701 1844 1736 tum

291 1768 390 1824 ipse
423 1768 755 1825 grammaticus
794 1767 1105 1825 supplevisset
1142 1768 1357 1810 voculam
1396 1768 1455 1819 ἅς,
1493 1765 1593 1807 sine
1625 1780 1716 1821 qua
1748 1780 1841 1807 non

292 1841 406 1881 dant
437 1854 627 1881 sensum
649 1840 1019 1894 Xenophontea)‚
1052 1838 1132 1880 sed
1165 1836 1243 1893 qui
1277 1835 1619 1893 descripserunt
1651 1834 1843 1877 lexicon.

434 1912 465 1952 I.
504 1914 536 1953 1.
571 1914 595 1953 9
634 1912 751 1952 Xen.
800 1912 904 1952 ὥστε
947 1911 1017 1951 καὶ
1063 1911 1255 1963 χρήματα
1294 1909 1585 1962 συνεβάλλοντο
1630 1908 1744 1960 αὐτῷ
1790 1908 1846 1952 εἷς

294 1982 366 2035 τὴν
403 1982 569 2035 τροφὴν
606 1999 641 2022 κ.
664 1999 693 2023 τ.
717 1982 766 2034 λ.;
815 1979 941 2023 Suid.
981 1986 1029 2031 (s,
1061 1995 1101 2021 v.
1136 1977 1457 2034 συνεβάλλοντο)
1505 1992 1590 2019 om.
1638 1979 1843 2031 χρήματα.

292 2054 399 2094 Non
440 2050 552 2094 satis
592 2052 752 2105 elucet,
797 2066 911 2093 num
951 2053 1143 2105 χρήματα
1183 2049 1394 2091 consulto
1434 2047 1640 2090 omiserit
1676 2046 1845 2090 Suidas

293 2138 351 2165 an
386 2121 677 2165 librariorum
715 2121 1019 2178 neglegentia
1056 2136 1149 2163 vox
1187 2119 1418 2162 exciderit.
1481 2118 1713 2174 Equidem
1750 2132 1844 2160 non

295 2192 611 2235 contenderim
643 2192 796 2249 ipsum
818 2191 1215 2248 lexicographum‚
1249 2189 1327 2246 qui
1350 2189 1491 2232 etiam
1514 2187 1846 2231 additamentis

293 2265 556 2320 fragmenta
588 2263 831 2319 perspicua
864 2264 1012 2305 facere
1044 2262 1272 2314 studebat,
1305 2262 1499 2303 verbum
1531 2260 1658 2302 haud
1681 2258 1847 2301 inutile

294 2336 351 2377 ad
384 2333 665 2377 sententiam
698 2334 1058 2388 intellegendam
1090 2331 1318 2375 industrie
1349 2330 1725 2387 praetermisisse.
1785 2331 1848 2372 At

293 2407 487 2448 fortasse
524 2408 717 2460 χρήματα
755 2404 801 2447 in
842 2402 1093 2460 exemplari
1139 2418 1222 2445 suo
1261 2402 1451 2445 omnino
1490 2417 1583 2444 non
1623 2400 1847 2456 scriptum

294 2475 424 2519 vidit.

436 2549 491 2588 In
555 2546 657 2589 aliis
719 2545 887 2588 deinde
947 2544 1059 2587 locis
1123 2543 1169 2586 in
1232 2543 1373 2586 dubio
1434 2542 1703 2598 ponendum
1766 2548 1847 2594 est,

294 2618 569 2659 mendorum
607 2631 859 2672 arguamus
897 2614 1118 2668 librarios,
1167 2613 1245 2670 qui
1283 2613 1627 2669 descripserunt
1665 2610 1845 2654 codices

297 2688 353 2729 ad
401 2702 515 2743 quos
567 2687 769 2743 pertinet
814 2686 986 2730 Suidae
1039 2686 1290 2741 exemplar,
1344 2699 1402 2726 an
1448 2682 1584 2726 lexici
1631 2681 1845 2726 Suidiani

297 2757 551 2813 scriptores,
584 2760 714 2800 velut

438 2831 490 2872 V.
532 2832 566 2871 2.
611 2832 661 2871 12
701 2831 816 2871 Xen.
856 2829 951 2875 τοὺς
997 2833 1206 2882 γυμνῆτας
1251 2828 1382 2868 λίθων
1428 2828 1534 2880 ἔχειν
1579 2825 1733 2878 μεστὰς
1777 2824 1850 2875 τὰς
