2188 3268
935 193 1227 231 *12-

440 330 528 373 His
561 331 699 373 libros
733 329 995 386 opponendi
1029 337 1158 373 sunt:

513 404 547 443 B
589 399 841 455 (Parisinus
873 399 1044 443 saeculi
1076 401 1226 456 XIII),

509 472 547 514 E
581 469 921 524 (Bruxellensis‚
953 486 1076 513 anno
1114 473 1224 513 1475
1257 472 1502 528 exaratus),

299 557 412 598 quos
444 543 559 583 duos
583 540 761 583 codices
783 540 904 583 inter
925 556 974 583 se
996 555 1096 583 esse
1119 548 1344 597 cognatos
1367 542 1689 585 demonstrant
1711 541 1855 585 etiam

298 612 516 655 lectiones
555 612 926 667 Xenophonteae
970 612 1130 666 falsae,
1170 626 1289 667 quae
1326 611 1382 654 iis
1423 619 1534 654 sunt
1572 627 1854 666 communes,

298 684 425 725 velut

486 754 517 794 I.
559 755 595 794 9.
638 754 662 794 6
702 753 749 808 (s.
772 769 812 795 v.
845 752 1089 810 κατέκανεν)
1123 755 1159 795 Β
1192 753 1232 797 Ε
1265 756 1452 810 ἔτρωσεν
1484 769 1566 810 pro
1598 752 1779 811 ἔτρεσεν,

459 825 515 865 ΙΙ.
551 825 585 865 6.
621 825 674 864 22
709 823 756 878 (s.
779 839 819 866 v.
854 823 1030 879 Μένων)
1068 838 1150 879 pro
1189 822 1362 867 δύναιτο
1402 825 1545 867 habet
1584 826 1618 866 B
1652 822 1856 880 ψεύδετο,

712 897 750 936 Ε
781 892 863 950 ψεί
897 928 904 936 .
939 929 946 935 .
981 929 1003 947 .,

458 965 513 1006 ΙΙ.
549 966 584 1006 6.
619 966 673 1005 25
709 964 755 1018 (S.
780 979 818 1006 v.
852 963 1028 1020 ΖΙΙένων)
1063 966 1099 1006 Β
1131 964 1173 1009 Ε
1204 964 1279 1006 καὶ
1312 957 1370 1011 uic
1401 958 1444 1008 εὖ
1478 979 1560 1022 pro
1595 959 1653 1016 aig
1685 958 1743 1017 εὖ,

437 1036 512 1077 IV.
547 1037 583 1076 5.
622 1037 671 1076 13
705 1036 758 1089 (s.
783 1050 821 1076 v.
853 1032 972 1091 χιών)
1007 1036 1041 1076 Β
1074 1034 1115 1079 Ε
1149 1027 1397 1078 ἅπολύοιτο
1429 1050 1512 1091 pro
1547 1029 1791 1087 ὖπολύοιτο,

437 1106 513 1148 IV.
547 1107 583 1146 5.
619 1107 673 1147 26
707 1105 754 1160 (S.
783 1120 826 1148 v.
860 1103 1041 1162 yo'vavov
1086 1105 1467 1161 [Bernhardyus])
1509 1107 1544 1147 B
1577 1106 1618 1149 E
1657 1107 1849 1148 ἒνέκαντο

710 1190 792 1231 pro
824 1175 1048 1229 ἐνέκειντο,

438 1249 513 1290 IV.
549 1250 586 1290 7.
626 1249 676 1288 16
711 1249 762 1301 (S.
787 1262 826 1289 V.
861 1239 1033 1304 ξυήλην)
1066 1248 1101 1288 Β
1135 1246 1176 1291 Ε
1209 1246 1315 1302 περὶ
1346 1261 1429 1302 pro
1464 1245 1599 1304 παρά,

440 1319 516 1361 IV.
550 1320 586 1360 3.
625 1320 676 1359 10
709 1317 755 1374 (s.
778 1333 818 1359 v.
853 1316 975 1375 ἐξείη)
1009 1319 1044 1359 Β
1078 1317 1118 1362 Ε
1151 1319 1397 1372 προελθεῖν
1428 1332 1511 1374 pro
1546 1318 1828 1374 προσελθεῖν,

438 1390 516 1432 IV.
559 1391 593 1430 8.
634 1391 658 1429 7
705 1388 751 1444 (s.
775 1404 814 1430 V.
849 1386 1214 1445 ἐπεμαρτύραντο)
1249 1390 1283 1430 Β
1316 1388 1358 1432 Ε
1390 1402 1476 1431 om.
1508 1390 1615 1439 τούς.

441 1507 654 1550 Ceterum
689 1507 783 1549 cod.
818 1507 859 1550 E
891 1505 1066 1548 nullius
1087 1507 1182 1549 fere
1204 1521 1316 1548 usus
1339 1514 1421 1549 aut
1443 1505 1732 1549 auctoritatis
1756 1521 1858 1549 esse

295 1585 460 1635 potest,
482 1592 592 1620 nam
615 1591 722 1619 eum
746 1576 1077 1633 interpolatum
1099 1584 1145 1620 et
1167 1592 1224 1619 ex
1246 1577 1358 1633 ipsis
1376 1576 1705 1633 Xenophontis
1727 1576 1856 1620 libris

296 1650 597 1692 emendatum
629 1663 728 1691 esse
761 1647 1059 1704 cognoscitur
1089 1648 1163 1690 his
1196 1647 1437 1704 exemplis:

438 1734 472 1773 I.
505 1735 540 1774 5.
580 1734 629 1773 12
663 1746 694 1774 s.
719 1747 758 1774 v.
793 1734 900 1786 ἵησιν
932 1729 1062 1774 addit
1094 1731 1191 1773 cod.
1214 1731 1254 1775 E
1278 1731 1489 1787 exemplo
1512 1731 1857 1788 Xenophonteo

296 1807 380 1846 τῶν
426 1803 472 1846 δὲ
515 1806 592 1845 τοῦ
635 1804 846 1853 ΙΙῚένωνος
893 1804 1164 1856 στρατιωτῶν
1208 1801 1383 1857 σχίζων,
1428 1816 1566 1858 quam
1613 1801 1860 1857 interpola-

296 1873 470 1916 tionem
504 1872 639 1916 duxit
670 1888 727 1915 ex
758 1871 974 1915 Anabasi.

438 1958 470 1998 1.
512 1959 547 1999 8.
586 1959 636 1998 10
676 1970 707 1998 s.
736 1971 776 1998 v.
811 1954 1148 2011 ὁρεπανηφόρος
1200 1954 1303 1998 libri
1342 1954 1557 2000 Suidiani
1595 1962 1777 2012 praeter
1815 1955 1857 2000 E

296 2028 473 2070 habent
505 2025 735 2084 ἐτύγχανον
766 2028 839 2070 vel
863 2026 1150 2082 ἕνετύγχανον;
1186 2026 1226 2071 Ε
1249 2025 1439 2069 exhibet
1461 2041 1567 2069 curn
1589 2025 1858 2069 melioribus

296 2097 625 2154 Xenophontis
658 2099 955 2156 ἐντυγχάνοιεν.

438 2183 515 2224 IV.
550 2183 586 2223 5.
625 2183 675 2222 14
715 2195 746 2222 s.
783 2196 822 2223 v.
866 2178 1130 2235 καρβάσιναι
1172 2179 1219 2222 in
1264 2179 1419 2222 codice
1463 2180 1503 2224 E
1557 2179 1729 2235 legitur
1775 2194 1859 2236 pro

296 2250 531 2307 καρβάσινα
555 2247 670 2306 εἶχον
693 2253 738 2293 ἔκ
760 2256 843 2294 τῶν
863 2269 903 2293 κ.
927 2268 962 2294 τ.
985 2252 1018 2293 λ.
1051 2249 1175 2293 idem
1203 2251 1296 2293 fere
1319 2258 1458 2307 atque
1490 2250 1536 2293 in
1562 2249 1689 2293 libris
1705 2252 1859 2292 Xeno-

296 2320 534 2378 phonteis:
568 2320 830 2378 καρβάσιναι
861 2315 972 2379 ἦσαν
1003 2324 1301 2379 πεποιημέναι
1339 2323 1385 2363 ἐκ
1417 2326 1503 2364 τῶν
1531 2339 1565 2363 κ.
1588 2338 1624 2364 τ.
1649 2323 1695 2369 λ.,
1734 2321 1858 2363 unde

298 2400 491 2450 apparet
523 2407 580 2435 ex
611 2391 685 2434 his
718 2407 824 2434 eum
857 2406 956 2434 esse
989 2391 1331 2447 interpolatum.

439 2489 491 2530 V.
526 2490 561 2529 2.
601 2489 650 2528 12
680 2501 711 2529 s.
735 2503 776 2529 v.
800 2488 1134 2545 ὁιηγκυλημένον
1166 2485 1212 2529 in
1247 2486 1403 2529 codice
1425 2487 1466 2531 E
1489 2485 1711 2543 scriptum
1734 2485 1858 2529 vide-

297 2591 402 2618 mus
441 2563 592 2633 ὄεήσεῖ
623 2591 706 2632 pro
739 2575 883 2634 δεήσοι
916 2582 1185 2619 ceterorum.
1249 2576 1382 2618 Illam
1414 2575 1617 2618 litteram
1651 2593 1672 2617 ν
1701 2589 1859 2631 supra-

300 2657 518 2714 scriptam
558 2673 657 2701 esse
695 2658 1068 2702 emendationem
1101 2673 1125 2701 e
1158 2657 1284 2701 libris
1313 2658 1668 2715 Xenophonteis
1701 2659 1858 2716 ὁεῆσον

300 2728 593 2771 servantibus
630 2730 812 2783 factam,
850 2729 1120 2786 priusquam
1158 2729 1339 2772 litterae
1381 2736 1604 2772 exeuntes
1643 2746 1684 2773 οι
1726 2728 1774 2771 in
1819 2745 1858 2772 ει

300 2799 508 2855 abierint,
541 2799 674 2843 facile
705 2800 989 2857 perspicitur.
