2188 3268
939 219 1162 290 Vita.

422 403 572 444 Natus
619 413 721 441 sum
769 396 999 441 Henricus
1046 397 1235 440 Kewes
1274 412 1310 440 a.
1344 396 1383 438 (l.
1417 398 1545 440 VIII.
1581 397 1680 438 Kal.
1725 398 1827 450 Jan.

283 473 391 516 anni
427 474 681 518 LXXXIII
716 485 829 513 saec.
864 477 1003 526 praet.
1038 469 1084 512 in
1119 468 1338 525 oppidulo
1371 466 1670 520 Guestfaliae,
1707 467 1828 522 quod

282 551 473 587 vocatur
490 543 874 598 Schmallenberg
896 549 1025 597 patre
1044 539 1290 583 Francisco
1314 547 1459 582 matre
1480 537 1624 580 Maria
1647 552 1671 580 e
1690 545 1831 593 gente

283 614 610 667 Kewekordes,
664 628 778 669 quos
826 613 979 656 adhuc
1026 610 1298 668 superstites
1346 625 1445 653 esse
1493 609 1628 652 valde
1674 609 1829 652 laetor.

285 684 412 727 Fidei
446 684 659 727 addictus
692 699 794 726 sum
829 682 1093 726 catholicae.
1148 681 1428 728 Litterarum
1461 678 1722 736 primordiis
1751 679 1832 721 im-

281 758 422 798 butus
447 754 745 811 gymnasium
775 753 865 797 adii
892 754 1275 796 Paderbornense.
1329 754 1448 796 Vere
1470 751 1579 793 anni
1605 753 1670 794 IV
1692 749 1832 793 huius

282 841 394 869 saec.
428 825 711 869 maturitatis
759 824 1078 868 testimonium
1126 825 1321 880 adeptus
1370 821 1586 878 Friburgi
1635 836 1714 878 per
1751 836 1830 864 sex

281 912 464 940 menses
513 896 678 940 studiis
726 912 799 938 me
847 895 951 938 dedi
992 893 1287 951 philologieis
1331 901 1378 936 et
1421 892 1667 946 historicis,
1715 907 1832 948 quae

284 967 483 1011 Berolini
531 983 611 1024 per
664 967 750 1010 tria
799 966 1038 1009 semestria
1092 964 1373 1008 continuavi.
1454 963 1633 1006 Deinde
1687 964 1832 1005 Halas

282 1041 522 1083 Saxonum
555 1054 628 1081 me
663 1037 849 1091 contuli,
883 1036 960 1079 ubi
995 1053 1020 1080 a
1054 1052 1160 1079 vere
1193 1035 1301 1078 anni
1326 1037 1390 1079 VI
1416 1035 1460 1078 h.
1486 1050 1516 1077 S.
1541 1035 1656 1076 duos
1686 1048 1832 1076 annos

283 1110 461 1153 civibus
495 1108 812 1152 universitatis
845 1108 1104 1164 adscriptus
1133 1122 1266 1150 eram.

424 1184 696 1225 Docuerunt
741 1196 814 1223 me
861 1179 945 1222 viri
991 1178 1231 1222 clarissimi

425 1252 780 1308 Friburgenses:
870 1254 1197 1305 Baumgarten,
1274 1248 1439 1301 Finke,
1516 1251 1560 1291 B.
1608 1247 1834 1301 Schmidt,

282 1324 601 1379 Thurneysen.

428 1394 766 1437 Berolinenses:
803 1392 942 1446 Diels,
968 1394 1120 1446 Helm,
1145 1393 1228 1437 Ed.
1249 1394 1416 1447 Meyer,
1442 1392 1651 1444 Paulsen,
1677 1390 1834 1443 Reich,

288 1467 454 1520 Roloff,
471 1464 682 1517 Schmin,
706 1465 991 1518 Schumann,
1009 1464 1205 1516 Vahlen,
1223 1465 1281 1507 W
1284 1464 1444 1516 entzel,
1463 1461 1835 1506 v.W'ilainowitz-

286 1538 616 1580 Moellendorff.

429 1608 674 1651 Halenses:
711 1608 880 1660 Bauch,
914 1606 1114 1658 Bechtel,
1139 1606 1267 1648 Blass
1285 1608 1327 1655 53
1352 1605 1634 1657 Consbruch,
1656 1603 1835 1647 Ditten-

284 1680 448 1736 berger
480 1681 520 1727 ·3·.
569 1681 791 1733 Droysen,
832 1676 1154 1733 Ebbinghaus,
1195 1676 1333 1730 Fries,
1375 1677 1490 1729 Ihm,
1532 1677 1670 1727 Kern,
1706 1676 1836 1721 Muffl

285 1750 437 1805 Niese,
472 1751 657 1804 Robert,
690 1750 920 1802 Schultze,
953 1749 1180 1801 Schwarz,
1213 1747 1449 1792 &Vissowa

429 1823 501 1864 Ad
534 1820 918 1878 proseminarium
952 1817 1288 1876 philologicum
1323 1817 1619 1862 Berolinense
1655 1832 1730 1860 me
1762 1818 1837 1860 ad-

284 1893 513 1936 miserunt
551 1909 624 1935 vv.
653 1892 712 1934 ill.
744 1891 883 1943 Diels,
925 1892 1076 1943 Helm,
1110 1907 1149 1933 v.
1174 1889 1836 1941 Wilamowitz-Moellendorff,

286 1965 343 2007 ad
362 1963 661 2007 seminarium
684 1962 1021 2019 philologicum
1041 1963 1248 2005 Halense
1272 1962 1413 2015 Blass,
1438 1963 1577 2014 Kern,
1600 1960 1834 2005 Wissowa.

287 2034 712 2080 Exercitationibus
735 2033 966 2077 historicis
990 2041 1041 2076 ut
1059 2032 1328 2076 interessem
1347 2032 1656 2089 permiserunt
1673 2048 1744 2074 vv.
1764 2032 1835 2074 dd.

288 2107 448 2161 Finke,
498 2107 581 2151 Ed.
617 2108 784 2161 Meyer,
834 2106 1001 2152 Roloff,
1048 2103 1200 2157 Niese,
1249 2102 1611 2159 archaeologicis
1652 2104 1836 2156 Robert,

290 2176 622 2234 paedagogicis
676 2176 813 2223 Fries.
893 2175 1124 2220 Omnibus
1176 2175 1249 2217 his
1296 2174 1670 2232 praeceptoribus
1721 2173 1837 2216 meis

289 2249 488 2305 gratiam
534 2263 714 2305 semper
761 2248 942 2291 habebo
985 2262 1124 2303 quam
1156 2245 1420 2299 maximam,
1470 2245 1695 2302 imprimis
1728 2261 1837 2289 vero

290 2319 521 2363 Friderico
561 2320 701 2372 Blass,
750 2334 840 2375 quo
888 2325 1074 2361 auctore
1118 2318 1239 2360 hanc
1287 2316 1606 2374 quaestionem
1653 2315 1836 2360 institui

288 2406 516 2447 quemque
558 2405 705 2447 nuper
745 2396 1040 2446 praematura
1080 2397 1228 2432 morte
1276 2389 1517 2444 abreptum
1559 2402 1658 2430 esse
1702 2388 1837 2430 valde

288 2464 439 2518 lugeo,
487 2469 533 2505 et
565 2460 728 2505 Ottoni
771 2463 910 2514 Kern,
959 2459 1035 2517 qui
1075 2459 1121 2502 in
1162 2461 1249 2502 hoc
1288 2460 1510 2516 opusculo
1549 2457 1836 2502 conficiendo

288 2548 470 2576 summa
503 2548 606 2576 cum
640 2532 915 2576 liberalitate
946 2547 1020 2575 me
1052 2531 1241 2575 adiuvit.

365 2642 573 2684 Examen
609 2640 866 2697 rigorosum
902 2638 1115 2695 superavi
1149 2655 1185 2681 a.
1209 2640 1249 2681 d.
1274 2640 1404 2681 XIII.
1431 2639 1530 2681 Kal.
1558 2641 1686 2682 Mart.
1722 2654 1757 2681 a.

876 2711 1252 2754 MDCCCCVIII.

932 2817 1207 2840 -ae-eumw
