2188 3268
877 192 1167 231 —29-

268 333 323 374 V.
357 334 392 373 3.
422 333 472 372 10
504 331 556 383 A,
592 329 637 383 C,
670 331 792 384 ἒξήει,
826 335 919 383 εεῖ,
952 328 1080 373 Suid.
1116 330 1162 385 (S.
1187 329 1230 372 h.
1252 329 1308 385 v.)
1342 331 1459 383 ἐξείη.

268 403 323 445 V.
359 405 393 443 7.
419 403 442 442 6
506 400 541 442 C
563 414 638 456 pr.,
671 400 997 455 κυλινδομένων;
1041 407 1134 453 Cet„
1168 399 1293 443 Suid.
1333 399 1386 456 (S.
1419 415 1459 441 V.
1492 397 1624 454 πίτυς)
1656 399 1790 440 κυλιν-

669 471 898 524 ὁουμένων.

268 544 309 585 V
503 540 548 593 C,
584 540 633 593 A,
667 542 893 595 ἑξάπηχυν;
927 547 1020 594 (ζεῖ,
1053 540 1182 584 Suid.
1216 540 1266 597 (S.
1290 556 1330 583 V.
1354 541 1502 592 παλτά)
1536 541 1732 597 ἑξάπηχυ.

268 613 310 655 V
504 610 550 663 C,
588 612 634 664 B,
660 610 957 664 ,ἒνὸεόύκεσαν;
1011 618 1104 664 Cet„
1156 610 1285 654 Suid.
1339 610 1392 666 (S.
1441 626 1483 652 v.
1536 609 1793 665 χιτωνίσκος)

666 682 971 725 ἐνεδεδύκεσαν.

245 754 324 795 IV.
358 755 394 794 5.
419 755 472 793 24
508 751 542 794 C
564 765 642 806 pr„
674 753 867 805 πολλούς
902 759 998 805 cet„
1031 751 1157 795 Suid.
1191 752 1241 807 (s.
1265 767 1304 794 v.
1340 751 1517 807 δασμός)
1549 752 1727 797 πώλους.

384 824 523 863 Nunc
555 820 714 876 paucis
749 822 1206 877 comprehendaan
1241 820 1351 877 quid
1384 836 1440 864 ex
1462 821 1535 863 his
1563 828 1793 877 sequatur.

244 891 503 934 Duodecies
561 891 794 948 conspirat
845 891 1014 935 Suidas
1077 907 1181 934 cum
1234 892 1389 934 codice
1442 892 1533 946 C¹),
1594 890 1794 934 sedecim

243 961 354 1005 locis
417 977 521 1005 cum
584 961 745 1004 ceteris
806 962 934 1005 libris
997 970 1156 1005 contra
1219 963 1253 1005 C
1315 963 1574 1006 concordat.
1588 963 1622 1018 2)
1702 961 1794 1005 Sed

245 1032 478 1089 genuinae
501 1040 611 1075 sunt
632 1031 864 1087 lectiones,
888 1032 1055 1090 quibus
1079 1041 1345 1089 congruunt
1367 1034 1600 1088 exemplar
1617 1031 1796 1076 Suidia-

244 1118 358 1146 num
391 1111 437 1146 et
458 1103 535 1145 ille
557 1102 886 1160 Xenophontis
919 1102 1033 1146 liber
1065 1111 1258 1160 excepto
1292 1103 1429 1146 unico
1452 1105 1552 1146 loco
1586 1105 1643 1144 ΙΙ.
1668 1106 1702 1145 6.
1727 1105 1794 1156 26,

245 1174 323 1217 ubi
356 1189 464 1217 vero
498 1173 668 1216 codicis
692 1174 726 1216 C
758 1173 984 1230 scriptura
1015 1189 1109 1216 non
1143 1173 1255 1216 satis
1288 1181 1358 1216 est
1378 1173 1614 1229 perlucida
1645 1187 1796 1229 neque

245 1244 413 1298 Suidas
451 1245 641 1300 praebet
679 1246 815 1298 φιλίαν
854 1246 1099 1299 διαβάλλων,
1144 1245 1267 1301 quod
1305 1244 1477 1300 legitur
1513 1244 1560 1287 in
1600 1243 1715 1287 libro
1749 1245 1794 1298 C,

246 1316 326 1358 sed
371 1321 552 1358 mutato
597 1314 757 1357 ordine
805 1316 1039 1370 διαβάλλων
1085 1317 1236 1370 φιλίαν.
1299 1318 1463 1371 Itaque
1507 1316 1564 1358 ad
1610 1315 1796 1358 demon-

248 1387 485 1428 strandam
502 1384 828 1428 necessitatem
850 1385 970 1428 inter
993 1385 1197 1428 codicem
1214 1385 1489 1429 Suidianam
1511 1393 1557 1429 et
1573 1385 1742 1428 librum
1761 1386 1797 1429 C

246 1456 611 1499 intercedentem
649 1471 742 1498 non
783 1456 895 1499 satis
933 1458 1103 1511 valent,
1141 1457 1411 1513 praesertim
1444 1472 1549 1499 cum
1586 1456 1796 1513 pluribus

249 1526 360 1569 locis
384 1526 613 1582 discrepet
634 1525 803 1570 Suidas
826 1527 883 1569 ab
905 1527 993 1569 hoc
1016 1527 1131 1570 libro
1155 1542 1294 1583 quam
1322 1542 1427 1570 cum
1449 1542 1503 1570 eo
1526 1527 1796 1571 consentiat.

389 1656 560 1698 Contra
608 1655 811 1698 codicem
849 1657 890 1698 A
926 1655 1038 1699 facit
1076 1655 1244 1700 Suidas
1292 1671 1397 1698 cum
1445 1656 1607 1699 ceteris
1644 1659 1797 1700 Xeno-

247 1725 436 1782 phontis
473 1726 600 1768 libris
632 1726 705 1768 his
737 1726 865 1769 locis:

298 1811 328 1851 I.
364 1811 399 1850 2.
434 1811 483 1850 21
521 1810 562 1850 A
602 1811 856 1863 στράτευμω
891 1816 983 1862 εεῖ,
1006 1808 1132 1852 Suid.
1158 1809 1203 1866 (S.
1223 1825 1262 1852 V.
1287 1809 1498 1866 ἁμαξιτός)
1521 1812 1798 1864 στρατεύματι.

298 1881 329 1921 I.
369 1883 400 1922 l.
436 1882 459 1921 9
523 1883 562 1921 A
601 1881 897 1934 συνεβάλοντο;
932 1887 1026 1932 εεῖ,
1058 1879 1184 1923 Suid.
1209 1880 1255 1935 (S.
1279 1881 1321 1922 h.
1344 1881 1402 1936 V.)
1431 1882 1738 1935 συνεβάλλοντο.

298 1952 330 1992 Ι.
368 1954 399 1992 1.
435 1953 459 1992 9
522 1951 564 1991 A
602 1952 881 2005 ἑλλησπόντιαι
912 1953 997 2004 καί;
1044 1957 1138 2004 cet„
1176 1950 1303 1994 Suid.
1337 1951 1387 2007 (s.
1411 1967 1451 1994 v.
1485 1951 1799 2007 συνεβάλλοντο)

601 2022 951 2080 ἑλλησποντιακαί.
964 2020 994 2078 3)

299 2091 330 2134 Ι.
365 2095 400 2134 5.
439 2094 489 2133 12
521 2092 563 2133 A
601 2094 697 2145 ἱὲιοι;
732 2098 825 2145 cet.‚
858 2091 984 2135 Suid.
1019 2092 1069 2148 (S.
1092 2092 1135 2134 h.
1158 2091 1220 2148 v.)
1252 2094 1367 2146 ἵησιν.

299 2164 330 2204 Ι.
366 2165 402 2204 5.
440 2166 484 2204 11
524 2165 563 2204 Α
603 2177 688 2204 om.
723 2167 983 2217 στρατιωτῶν
1015 2188 1070 2193 -
1102 2164 1321 2211 ᾹΙένωνος,
1353 2177 1470 2218 quae
1501 2163 1677 2206 habent
1705 2169 1799 2217 cet.,

601 2231 727 2276 Suid.
761 2233 811 2289 (S.
835 2249 875 2275 V.
910 2233 1252 2289 ἀμφιλεξάντων).

299 2306 331 2345 Ι.
366 2307 401 2346 5.
441 2306 490 2346 13
524 2305 563 2345 Α
603 2318 688 2346 om.
722 2306 777 2350 εἰς
798 2310 907 2346 ante
937 2304 985 2345 τὰ
1008 2305 1126 2358 ὅπλα,
1159 2304 1281 2359 quod
1303 2304 1479 2346 habent
1502 2310 1583 2346 cet.
1607 2311 1653 2347 et
1673 2303 1800 2348 Suid.

601 2377 652 2431 (S.
675 2390 715 2417 V.
748 2374 1135 2431 παραγγέλλοντας).

301 2447 333 2487 I.
369 2448 404 2487 9.
439 2447 493 2487 25
525 2446 567 2486 Α
605 2443 774 2499 ἄτρεπτα
808 2451 902 2494 cet„
935 2444 1061 2488 Suid.
1095 2445 1146 2501 (S.
1170 2461 1209 2488 V.
1243 2445 1377 2500 βίκος)
1409 2448 1575 2499 ἔπεμπε.

277 2517 334 2558 11.
369 2518 407 2557 3.
443 2518 493 2557 18
526 2516 567 2557 Α
607 2517 741 2569 ὅπως-ς
775 2522 869 2570 εεῖ,
901 2514 1027 2559 Suid.
1060 2517 1113 2572 (s.
1147 2532 1187 2559 v.
1221 2516 1402 2571 εὕρημα)
1435 2519 1569 2562 εἴπως’.

399 2684 425 2729 ¹)
457 2684 537 2721 Ter
568 2684 807 2721 lectionibus
840 2684 990 2721 codicis
1024 2683 1055 2721 C
1088 2696 1130 2721 se
1163 2684 1339 2733 applicat
1359 2684 1401 2729 B,
1433 2685 1559 2721 semel
1580 2685 1626 2721 A.

398 2742 429 2790 2)
459 2743 604 2780 Tribus
636 2743 736 2780 locis
769 2743 952 2780 codicem
976 2742 1007 2779 C
1040 2743 1217 2792 sequitur
1238 2743 1280 2788 B,
1312 2743 1467 2780 duobus
1499 2743 1597 2780 locis
1621 2745 1668 2784 A.

398 2798 432 2853 3)
465 2801 653 2838 Nonnulli
685 2800 1004 2854 ἑλλησποντικαί.
