2188 3268
983 204 1274 244 -36-

354 343 475 384 (111111.
539 344 755 396 Namque
798 340 1054 396 vestigium
1101 341 1277 384 fraudis
1323 343 1370 385 in
1418 342 1686 386 melioribus
1725 357 1907 399 quoque

355 419 575 468 superest,
622 411 846 467 intellego
894 426 1056 454 vocem
1105 414 1270 471 ὁεῆσον,
1303 428 1421 469 quae
1453 413 1662 470 sequitur
1694 412 1740 455 in
1775 421 1906 456 textu

352 484 546 525 verbum
577 481 773 534 τοξεύειν.
838 481 1008 538 Liquet
1040 483 1164 526 enim
1197 490 1279 526 aut
1310 491 1506 540 utroque
1538 486 1638 527 loco
1668 499 1749 540 pro
1773 483 1909 526 inter-

352 554 508 609 polato
540 553 809 595 habendum
842 560 924 596 aut
955 561 1151 610 utroque
1182 554 1479 597 retinendum
1511 570 1611 597 esse
1645 557 1804 613 δεῆσον.

496 623 678 666 Deinde
710 624 752 666 ll.
787 626 899 667 aIV.
934 627 970 666 5.
996 627 1019 666 8
1054 632 1100 667 et
1132 626 1215 667 ΙΙΙ.
1250 629 1286 668 4.
1311 628 1364 667 35
1398 640 1490 668 non
1524 625 1708 668 firmare
1737 625 1908 668 Suidae

353 694 588 749 exemplar
619 693 923 737 deterioribus
956 709 1057 737 esse
1089 696 1492 738 adnumerandum
1524 695 1609 738 etsi
1634 697 1776 738 falsae
1798 702 1909 738 sunt

352 763 575 807 lectiones
614 765 786 808 Suidae
826 772 871 808 et
907 765 1048 808 huius
1087 766 1245 808 classis
1282 766 1403 809 infra
1436 781 1510 822 pg.
1543 770 1596 809 37
1621 782 1682 822 sq.
1717 765 1905 809 videbis.

495 838 604 880 Una
636 837 831 879 fortasse
859 836 1079 879 notabilis
1100 836 1312 880 lectionis
1333 836 1643 893 discrepantia
1665 837 1786 879 inest
1808 838 1907 878 loco

353 908 430 950 IV.
455 910 491 948 4.
521 910 592 956 11;
625 913 865 962 praestant
896 906 1021 949 enim
1054 908 1141 950 det.
1176 915 1222 950 et
1250 907 1376 950 Suid.
1401 908 1450 964 (S.
1475 924 1514 950 v.
1540 907 1733 959 ἀλεεινός)
1757 908 1803 950 δὲ
1827 922 1907 963 pro

351 976 433 1034 γάρ
471 977 596 1034 (post
632 977 987 1032 κατακειμένων).
1051 978 1142 1022 Sed
1184 978 1450 1021 cavebimus
1488 993 1546 1020 ne
1584 985 1769 1034 propter
1801 992 1906 1020 eum

353 1047 610 1090 sentiamus
643 1048 850 1090 eiusdem
883 1048 1039 1105 stirpis
1073 1064 1172 1091 esse
1204 1049 1453 1092 deteriores
1487 1049 1626 1091 libros
1659 1056 1704 1091 et
1736 1048 1908 1092 Suidae

352 1120 596 1174 exemplar.
659 1121 783 1162 Nam
815 1118 1016 1175 primum
1049 1119 1237 1175 quidem
1259 1120 1385 1162 haud
1409 1119 1599 1161 difficile
1621 1118 1721 1161 fieri
1745 1118 1907 1174 potuit,

352 1196 405 1231 ut
436 1189 665 1246 particula
697 1190 745 1233 δὲ
777 1191 921 1232 altero
954 1189 1176 1233 orationis
1208 1191 1308 1233 loco
1343 1198 1438 1232 tam
1461 1189 1633 1232 usitata
1655 1189 1702 1231 in
1727 1189 1908 1231 duobus

353 1258 548 1302 diversis
600 1260 811 1303 fontibus
854 1275 936 1316 pro
981 1262 1061 1319 γὰρ
1104 1260 1423 1303 inculcaretur.
1493 1260 1685 1303 Accedit
1730 1259 1908 1312 deinde,

353 1332 476 1387 quod
509 1331 556 1373 in
586 1331 759 1374 Suidae
791 1338 1061 1387 excerptum
1096 1332 1142 1375 δὲ
1173 1331 1390 1387 perfacile
1423 1346 1572 1374 errore
1604 1331 1801 1387 irrepere
1833 1345 1910 1386 po-

353 1402 452 1445 tuit.
486 1401 656 1445 Suidas
697 1402 821 1444 enim
860 1401 924 1445 ita
957 1402 1234 1446 defonnavit
1266 1403 1626 1459 Xenophontea:
1668 1401 1830 1453 Χιόνος
1862 1402 1910 1444 δὲ

352 1475 694 1524 ἕπιπεπτωκυίας
739 1466 865 1525 ὄκνος
907 1467 960 1531 ἦν
1001 1471 1136 1525 :mic-g
1181 1467 1457 1526 ἐνίστασθαι,
1503 1475 1818 1528 κατακειμένων
1862 1472 1909 1516 δὲ

352 1537 551 1596 ἐλεεινός
581 1539 629 1602 ἧν
653 1538 674 1586 ὁ
697 1543 862 1599 χειμών,
896 1546 984 1599 ὅτῳ
1011 1540 1070 1602 μὴ
1096 1547 1368 1601 παραῤῥυείν,
1402 1551 1454 1587 ut
1476 1551 1661 1586 noceret
1684 1544 1730 1587 δὲ
1752 1543 1907 1600 paullo

352 1615 641 1658 antecedens.

995 1816 1150 1871 Caput
1181 1817 1272 1860 vn.

495 1908 592 1951 Illis
631 1909 744 1952 locis
782 1909 1001 1953 detractis
1045 1911 1227 1952 nullum
1270 1916 1480 1967 superest
1524 1908 1749 1951 indicium
1786 1909 1907 1964 quod

351 1981 546 2036 probare
587 1980 736 2037 possit
783 1979 951 2023 artiore
991 1981 1191 2037 quodam
1230 1980 1418 2024 vinculo
1466 1979 1763 2022 coniunctam
1810 1994 1909 2022 esse

350 2049 623 2094 memoriam
666 2050 840 2094 Suidae
884 2066 990 2094 cum
1037 2053 1181 2095 altera
1228 2051 1413 2094 familia.
1488 2053 1561 2093 Ne
1603 2065 1712 2094 vero
1757 2064 1909 2093 neces-

352 2121 539 2165 sitatem
578 2109 840 2165 statuamus
879 2121 1000 2165 inter
1033 2123 1118 2165 hos
1152 2129 1293 2165 testes
1325 2121 1526 2178 primum
1558 2120 1753 2178 impedit
1786 2121 1907 2177 quod

351 2192 522 2236 Suidas
555 2193 692 2236 toties
725 2194 819 2236 fere
852 2208 957 2235 cum
988 2193 1257 2236 melioribus
1291 2193 1526 2248 conspirat
1556 2192 1684 2234 libris
1715 2217 1767 2223 -
1799 2199 1909 2234 sunt

352 2263 439 2306 loci
473 2263 785 2320 quadraginta
816 2271 994 2321 septem
1018 2290 1072 2294 —
1096 2264 1277 2320 quoties
1310 2279 1415 2306 cum
1437 2263 1752 2315 deterioribus,
1785 2263 1906 2318 quod

352 2334 636 2388 miraremur,
669 2334 707 2376 si
740 2335 797 2377 ad
829 2335 951 2377 hanc
979 2335 1173 2377 classem
1195 2335 1510 2377 reducendum
1533 2340 1654 2376 esset
1675 2333 1910 2388 exemplar

355 2404 685 2462 lexicographi.
750 2404 931 2448 Deinde
962 2404 1251 2459 lectionibus,
1284 2420 1398 2461 quas
1421 2403 1590 2448 Suidas
1623 2418 1727 2446 cum
1760 2403 1909 2460 prima

352 2490 496 2518 11131111
541 2475 711 2518 codicis
757 2476 791 2519 C
835 2476 977 2519 habet
1023 2491 1293 2519 communes
1331 2490 1542 2531 quaeque
1587 2475 1644 2517 ab
1692 2473 1908 2517 omnibus

353 2561 489 2590 verae
535 2553 762 2603 putantur
809 2554 969 2590 contra
1015 2546 1276 2603 propiorem
1324 2545 1599 2602 exemplaris
1646 2544 1819 2588 Suidae
1863 2552 1910 2588 et

353 2617 634 2660 deteriorum
666 2617 935 2660 societatem
969 2617 1166 2661 testibus
1198 2625 1312 2660 utor.

400 2690 431 2730 I.
466 2691 501 2731 8.
537 2691 561 2731 9
625 2689 660 2731 C
691 2703 767 2744 pr„
799 2688 925 2732 Suid.
960 2692 1007 2740 (S.
1030 2705 1070 2731 v.
1104 2691 1281 2745 γέῤῥοιν)
1312 2702 1398 2730 om.
1432 2690 1541 2730 εἶναι.

401 2761 433 2801 Ι.
467 2763 503 2801 9.
538 2762 562 2801 6
626 2760 661 2802 C
692 2774 767 2815 pr.,
801 2759 923 2802 Suid.
958 2760 1011 2816 (S.
1034 2760 1077 2802 h.
1100 2760 1161 2815 V.)
1192 2759 1411 2812 κατέκαιές
1446 2766 1526 2801 cet.
1560 2761 1798 2801 καῑέκῐανε.

376 2831 433 2872 II.
468 2834 504 2873 3.
543 2834 594 2873 18
629 2832 663 2874 C
695 2846 770 2887 pr„
805 2830 925 2873 Suid.
960 2835 1008 2884 (S.
1033 2847 1072 2874 v.
1106 2833 1280 2887 εὕρημα)
1313 2845 1401 2873 0111.
1436 2831 1557 2872 κακά.
